,Group,Player,Time,Order,Round,Date,Role,Round.num,Phase,Condition,First,Message,f,p,v,Before.After,playerA.wordcount,playerB.wordcount,playerA.numutterances,playerB.numutterances,playerA.wordsperutterance,playerB.wordsperutterance,Adjacency_pairs,Gender,Age,Education,ProlificPenn
1,"_zxX0-gYYGqhjNuFAAAA,1rJ6X-0aCL7oJjETAAAB",playerA,10:11:32,D,Round17,4/3/2019,guesser,17,3,unmatched,matched,epo,0,1,0,after,166,199,13,15,12.7692307692308,13.2666666666667,0.142857142857143,Male,19,Some college,PennLab
2,"_zxX0-gYYGqhjNuFAAAA,1rJ6X-0aCL7oJjETAAAB",playerA,10:11:32,D,Round17,4/3/2019,guesser,17,3,unmatched,matched,nop.,0,1,0,after,166,199,13,15,12.7692307692308,13.2666666666667,0.142857142857143,Male,19,Some college,PennLab
3,"_zxX0-gYYGqhjNuFAAAA,1rJ6X-0aCL7oJjETAAAB",playerA,10:11:32,D,Round17,4/3/2019,guesser,17,3,unmatched,matched,rupa.,0,1,0,after,166,199,13,15,12.7692307692308,13.2666666666667,0.142857142857143,Male,19,Some college,PennLab
4,"_zxX0-gYYGqhjNuFAAAA,1rJ6X-0aCL7oJjETAAAB",playerA,9:40:01,D,Round5,4/3/2019,guesser,5,1,matched,matched,nefo,1,0,0,after,166,199,13,15,12.7692307692308,13.2666666666667,0.142857142857143,Male,19,Some college,PennLab
5,"_zxX0-gYYGqhjNuFAAAA,1rJ6X-0aCL7oJjETAAAB",playerA,10:11:32,D,Round17,4/3/2019,guesser,17,3,unmatched,matched,pilo,0,1,0,after,166,199,13,15,12.7692307692308,13.2666666666667,0.142857142857143,Male,19,Some college,PennLab
6,"_zxX0-gYYGqhjNuFAAAA,1rJ6X-0aCL7oJjETAAAB",playerA,10:11:32,D,Round17,4/3/2019,guesser,17,3,unmatched,matched,nop.,0,1,0,after,166,199,13,15,12.7692307692308,13.2666666666667,0.142857142857143,Male,19,Some college,PennLab
7,"_zxX0-gYYGqhjNuFAAAA,1rJ6X-0aCL7oJjETAAAB",playerA,10:11:32,D,Round17,4/3/2019,guesser,17,3,unmatched,matched,nepo,0,1,0,after,166,199,13,15,12.7692307692308,13.2666666666667,0.142857142857143,Male,19,Some college,PennLab
8,"_zxX0-gYYGqhjNuFAAAA,1rJ6X-0aCL7oJjETAAAB",playerA,10:11:32,D,Round17,4/3/2019,guesser,17,3,unmatched,matched,yupa.,0,1,0,after,166,199,13,15,12.7692307692308,13.2666666666667,0.142857142857143,Male,19,Some college,PennLab
9,"_zxX0-gYYGqhjNuFAAAA,1rJ6X-0aCL7oJjETAAAB",playerA,10:11:32,D,Round17,4/3/2019,guesser,17,3,unmatched,matched,nop,0,1,0,after,166,199,13,15,12.7692307692308,13.2666666666667,0.142857142857143,Male,19,Some college,PennLab
10,"_zxX0-gYYGqhjNuFAAAA,1rJ6X-0aCL7oJjETAAAB",playerA,10:17:02,D,Round19,4/3/2019,guesser,19,3,unmatched,matched,nepo,0,1,0,after,166,199,13,15,12.7692307692308,13.2666666666667,0.142857142857143,Male,19,Some college,PennLab
11,"_zxX0-gYYGqhjNuFAAAA,1rJ6X-0aCL7oJjETAAAB",playerA,10:17:02,D,Round19,4/3/2019,guesser,19,3,unmatched,matched,rupa,0,1,0,after,166,199,13,15,12.7692307692308,13.2666666666667,0.142857142857143,Male,19,Some college,PennLab
12,"_zxX0-gYYGqhjNuFAAAA,1rJ6X-0aCL7oJjETAAAB",playerA,10:17:02,D,Round19,4/3/2019,guesser,19,3,unmatched,matched,wepo,0,1,0,after,166,199,13,15,12.7692307692308,13.2666666666667,0.142857142857143,Male,19,Some college,PennLab
13,"_zxX0-gYYGqhjNuFAAAA,1rJ6X-0aCL7oJjETAAAB",playerA,10:17:02,D,Round19,4/3/2019,guesser,19,3,unmatched,matched,"blupa,",0,1,0,after,166,199,13,15,12.7692307692308,13.2666666666667,0.142857142857143,Male,19,Some college,PennLab
14,"_zxX0-gYYGqhjNuFAAAA,1rJ6X-0aCL7oJjETAAAB",playerA,10:17:02,D,Round19,4/3/2019,guesser,19,3,unmatched,matched,sepo,0,1,0,after,166,199,13,15,12.7692307692308,13.2666666666667,0.142857142857143,Male,19,Some college,PennLab
15,"_zxX0-gYYGqhjNuFAAAA,1rJ6X-0aCL7oJjETAAAB",playerA,10:17:02,D,Round19,4/3/2019,guesser,19,3,unmatched,matched,yupa,0,1,0,after,166,199,13,15,12.7692307692308,13.2666666666667,0.142857142857143,Male,19,Some college,PennLab
16,"_zxX0-gYYGqhjNuFAAAA,1rJ6X-0aCL7oJjETAAAB",playerA,9:52:27,D,Round10,4/3/2019,guesser,10,2,samespecies,matched,blupo,0,1,0,after,166,199,13,15,12.7692307692308,13.2666666666667,0.142857142857143,Male,19,Some college,PennLab
17,"_zxX0-gYYGqhjNuFAAAA,1rJ6X-0aCL7oJjETAAAB",playerA,10:00:49,D,Round12,4/3/2019,guesser,12,2,samespecies,matched,nop.,0,1,0,after,166,199,13,15,12.7692307692308,13.2666666666667,0.142857142857143,Male,19,Some college,PennLab
18,"_zxX0-gYYGqhjNuFAAAA,1rJ6X-0aCL7oJjETAAAB",playerA,9:40:01,D,Round5,4/3/2019,guesser,5,1,matched,matched,nefo,1,0,0,after,166,199,13,15,12.7692307692308,13.2666666666667,0.142857142857143,Male,19,Some college,PennLab
19,"_zxX0-gYYGqhjNuFAAAA,1rJ6X-0aCL7oJjETAAAB",playerA,9:33:14,D,Round3,4/3/2019,guesser,3,1,matched,matched,ufo,1,0,0,after,166,199,13,15,12.7692307692308,13.2666666666667,0.142857142857143,Male,19,Some college,PennLab
20,"_zxX0-gYYGqhjNuFAAAA,1rJ6X-0aCL7oJjETAAAB",playerA,9:33:14,D,Round3,4/3/2019,guesser,3,1,matched,matched,bufa,1,0,0,after,166,199,13,15,12.7692307692308,13.2666666666667,0.142857142857143,Male,19,Some college,PennLab
21,"_zxX0-gYYGqhjNuFAAAA,1rJ6X-0aCL7oJjETAAAB",playerA,9:33:14,D,Round3,4/3/2019,guesser,3,1,matched,matched,bufa,1,0,0,after,166,199,13,15,12.7692307692308,13.2666666666667,0.142857142857143,Male,19,Some college,PennLab
22,"_zxX0-gYYGqhjNuFAAAA,1rJ6X-0aCL7oJjETAAAB",playerA,9:52:27,D,Round10,4/3/2019,guesser,10,2,samespecies,matched,pila,0,1,0,after,166,199,13,15,12.7692307692308,13.2666666666667,0.142857142857143,Male,19,Some college,PennLab
23,"_zxX0-gYYGqhjNuFAAAA,1rJ6X-0aCL7oJjETAAAB",playerA,9:52:27,D,Round10,4/3/2019,guesser,10,2,samespecies,matched,"rupa,",0,1,0,after,166,199,13,15,12.7692307692308,13.2666666666667,0.142857142857143,Male,19,Some college,PennLab
24,"_zxX0-gYYGqhjNuFAAAA,1rJ6X-0aCL7oJjETAAAB",playerA,9:52:27,D,Round10,4/3/2019,guesser,10,2,samespecies,matched,pila,0,1,0,after,166,199,13,15,12.7692307692308,13.2666666666667,0.142857142857143,Male,19,Some college,PennLab
25,"_zxX0-gYYGqhjNuFAAAA,1rJ6X-0aCL7oJjETAAAB",playerA,9:52:27,D,Round10,4/3/2019,guesser,10,2,samespecies,matched,yupa.,0,1,0,after,166,199,13,15,12.7692307692308,13.2666666666667,0.142857142857143,Male,19,Some college,PennLab
26,"_zxX0-gYYGqhjNuFAAAA,1rJ6X-0aCL7oJjETAAAB",playerA,9:52:27,D,Round10,4/3/2019,guesser,10,2,samespecies,matched,epo,0,1,0,after,166,199,13,15,12.7692307692308,13.2666666666667,0.142857142857143,Male,19,Some college,PennLab
27,"_zxX0-gYYGqhjNuFAAAA,1rJ6X-0aCL7oJjETAAAB",playerA,9:52:27,D,Round10,4/3/2019,guesser,10,2,samespecies,matched,repo,0,1,0,after,166,199,13,15,12.7692307692308,13.2666666666667,0.142857142857143,Male,19,Some college,PennLab
28,"_zxX0-gYYGqhjNuFAAAA,1rJ6X-0aCL7oJjETAAAB",playerA,9:52:27,D,Round10,4/3/2019,guesser,10,2,samespecies,matched,pilo,0,1,0,after,166,199,13,15,12.7692307692308,13.2666666666667,0.142857142857143,Male,19,Some college,PennLab
29,"_zxX0-gYYGqhjNuFAAAA,1rJ6X-0aCL7oJjETAAAB",playerA,10:00:49,D,Round12,4/3/2019,guesser,12,2,samespecies,matched,pilo,0,1,0,after,166,199,13,15,12.7692307692308,13.2666666666667,0.142857142857143,Male,19,Some college,PennLab
30,"_zxX0-gYYGqhjNuFAAAA,1rJ6X-0aCL7oJjETAAAB",playerA,9:45:44,D,Round8,4/3/2019,guesser,8,2,samespecies,matched,pilo,0,1,0,before,166,199,13,15,12.7692307692308,13.2666666666667,0.142857142857143,Male,19,Some college,PennLab
31,"_zxX0-gYYGqhjNuFAAAA,1rJ6X-0aCL7oJjETAAAB",playerA,10:00:49,D,Round12,4/3/2019,guesser,12,2,samespecies,matched,wepo,0,1,0,after,166,199,13,15,12.7692307692308,13.2666666666667,0.142857142857143,Male,19,Some college,PennLab
32,"_zxX0-gYYGqhjNuFAAAA,1rJ6X-0aCL7oJjETAAAB",playerA,10:00:49,D,Round12,4/3/2019,guesser,12,2,samespecies,matched,"repo,",0,1,0,after,166,199,13,15,12.7692307692308,13.2666666666667,0.142857142857143,Male,19,Some college,PennLab
33,"_zxX0-gYYGqhjNuFAAAA,1rJ6X-0aCL7oJjETAAAB",playerA,10:00:49,D,Round12,4/3/2019,guesser,12,2,samespecies,matched,nepo,0,1,0,after,166,199,13,15,12.7692307692308,13.2666666666667,0.142857142857143,Male,19,Some college,PennLab
34,"_zxX0-gYYGqhjNuFAAAA,1rJ6X-0aCL7oJjETAAAB",playerA,10:00:49,D,Round12,4/3/2019,guesser,12,2,samespecies,matched,yupa.,0,1,0,after,166,199,13,15,12.7692307692308,13.2666666666667,0.142857142857143,Male,19,Some college,PennLab
35,"_zxX0-gYYGqhjNuFAAAA,1rJ6X-0aCL7oJjETAAAB",playerA,10:00:49,D,Round12,4/3/2019,guesser,12,2,samespecies,matched,nop,0,1,0,after,166,199,13,15,12.7692307692308,13.2666666666667,0.142857142857143,Male,19,Some college,PennLab
36,"_zxX0-gYYGqhjNuFAAAA,1rJ6X-0aCL7oJjETAAAB",playerA,10:06:06,D,Round15,4/3/2019,guesser,15,3,unmatched,matched,yupa.,0,1,0,before,166,199,13,15,12.7692307692308,13.2666666666667,0.142857142857143,Male,19,Some college,PennLab
37,"_zxX0-gYYGqhjNuFAAAA,1rJ6X-0aCL7oJjETAAAB",playerA,10:06:06,D,Round15,4/3/2019,guesser,15,3,unmatched,matched,"rupa,",0,1,0,before,166,199,13,15,12.7692307692308,13.2666666666667,0.142857142857143,Male,19,Some college,PennLab
38,"_zxX0-gYYGqhjNuFAAAA,1rJ6X-0aCL7oJjETAAAB",playerA,10:06:06,D,Round15,4/3/2019,guesser,15,3,unmatched,matched,"blupa,",0,1,0,before,166,199,13,15,12.7692307692308,13.2666666666667,0.142857142857143,Male,19,Some college,PennLab
39,"_zxX0-gYYGqhjNuFAAAA,1rJ6X-0aCL7oJjETAAAB",playerA,10:06:06,D,Round15,4/3/2019,guesser,15,3,unmatched,matched,rupa.,0,1,0,before,166,199,13,15,12.7692307692308,13.2666666666667,0.142857142857143,Male,19,Some college,PennLab
40,"_zxX0-gYYGqhjNuFAAAA,1rJ6X-0aCL7oJjETAAAB",playerA,10:06:06,D,Round15,4/3/2019,guesser,15,3,unmatched,matched,nop,0,1,0,before,166,199,13,15,12.7692307692308,13.2666666666667,0.142857142857143,Male,19,Some college,PennLab
41,"_zxX0-gYYGqhjNuFAAAA,1rJ6X-0aCL7oJjETAAAB",playerA,10:11:32,D,Round17,4/3/2019,guesser,17,3,unmatched,matched,sepo,0,1,0,after,166,199,13,15,12.7692307692308,13.2666666666667,0.142857142857143,Male,19,Some college,PennLab
42,"_zxX0-gYYGqhjNuFAAAA,1rJ6X-0aCL7oJjETAAAB",playerA,10:11:32,D,Round17,4/3/2019,guesser,17,3,unmatched,matched,"yupa,",0,1,0,after,166,199,13,15,12.7692307692308,13.2666666666667,0.142857142857143,Male,19,Some college,PennLab
43,"_zxX0-gYYGqhjNuFAAAA,1rJ6X-0aCL7oJjETAAAB",playerA,10:00:49,D,Round12,4/3/2019,guesser,12,2,samespecies,matched,epo,0,1,0,after,166,199,13,15,12.7692307692308,13.2666666666667,0.142857142857143,Male,19,Some college,PennLab
44,"_zxX0-gYYGqhjNuFAAAA,1rJ6X-0aCL7oJjETAAAB",playerA,9:33:14,D,Round3,4/3/2019,guesser,3,1,matched,matched,pilu.,0,1,0,after,166,199,13,15,12.7692307692308,13.2666666666667,0.142857142857143,Male,19,Some college,PennLab
45,"_zxX0-gYYGqhjNuFAAAA,1rJ6X-0aCL7oJjETAAAB",playerA,9:45:44,D,Round8,4/3/2019,guesser,8,2,samespecies,matched,yepo,0,1,0,before,166,199,13,15,12.7692307692308,13.2666666666667,0.142857142857143,Male,19,Some college,PennLab
46,"_zxX0-gYYGqhjNuFAAAA,1rJ6X-0aCL7oJjETAAAB",playerA,9:46:32,D,Round8,4/3/2019,guesser,8,2,samespecies,matched,*sepo,0,1,0,before,166,199,13,15,12.7692307692308,13.2666666666667,0.142857142857143,Male,19,Some college,PennLab
47,"_zxX0-gYYGqhjNuFAAAA,1rJ6X-0aCL7oJjETAAAB",playerA,9:46:32,D,Round8,4/3/2019,guesser,8,2,samespecies,matched,blupo,0,1,0,before,166,199,13,15,12.7692307692308,13.2666666666667,0.142857142857143,Male,19,Some college,PennLab
48,"_zxX0-gYYGqhjNuFAAAA,1rJ6X-0aCL7oJjETAAAB",playerA,9:52:27,D,Round10,4/3/2019,guesser,10,2,samespecies,matched,nepo.,0,1,0,after,166,199,13,15,12.7692307692308,13.2666666666667,0.142857142857143,Male,19,Some college,PennLab
49,"_zxX0-gYYGqhjNuFAAAA,1rJ6X-0aCL7oJjETAAAB",playerA,9:52:27,D,Round10,4/3/2019,guesser,10,2,samespecies,matched,sepo,0,1,0,after,166,199,13,15,12.7692307692308,13.2666666666667,0.142857142857143,Male,19,Some college,PennLab
50,"_zxX0-gYYGqhjNuFAAAA,1rJ6X-0aCL7oJjETAAAB",playerA,9:40:01,D,Round5,4/3/2019,guesser,5,1,matched,matched,pilo,0,1,0,after,166,199,13,15,12.7692307692308,13.2666666666667,0.142857142857143,Male,19,Some college,PennLab
51,"_zxX0-gYYGqhjNuFAAAA,1rJ6X-0aCL7oJjETAAAB",playerA,9:46:16,D,Round8,4/3/2019,guesser,8,2,samespecies,matched,blupo,0,1,0,before,166,199,13,15,12.7692307692308,13.2666666666667,0.142857142857143,Male,19,Some college,PennLab
52,"_zxX0-gYYGqhjNuFAAAA,1rJ6X-0aCL7oJjETAAAB",playerA,10:00:49,D,Round12,4/3/2019,guesser,12,2,samespecies,matched,nepo,0,1,0,after,166,199,13,15,12.7692307692308,13.2666666666667,0.142857142857143,Male,19,Some college,PennLab
53,"_zxX0-gYYGqhjNuFAAAA,1rJ6X-0aCL7oJjETAAAB",playerA,10:00:49,D,Round12,4/3/2019,guesser,12,2,samespecies,matched,repo.,0,1,0,after,166,199,13,15,12.7692307692308,13.2666666666667,0.142857142857143,Male,19,Some college,PennLab
54,"_zxX0-gYYGqhjNuFAAAA,1rJ6X-0aCL7oJjETAAAB",playerA,10:00:49,D,Round12,4/3/2019,guesser,12,2,samespecies,matched,"nepo,",0,1,0,after,166,199,13,15,12.7692307692308,13.2666666666667,0.142857142857143,Male,19,Some college,PennLab
55,"_zxX0-gYYGqhjNuFAAAA,1rJ6X-0aCL7oJjETAAAB",playerA,10:00:49,D,Round12,4/3/2019,guesser,12,2,samespecies,matched,nop.,0,1,0,after,166,199,13,15,12.7692307692308,13.2666666666667,0.142857142857143,Male,19,Some college,PennLab
56,"_zxX0-gYYGqhjNuFAAAA,1rJ6X-0aCL7oJjETAAAB",playerA,9:45:44,D,Round8,4/3/2019,guesser,8,2,samespecies,matched,wepo,0,1,0,before,166,199,13,15,12.7692307692308,13.2666666666667,0.142857142857143,Male,19,Some college,PennLab
57,"_zxX0-gYYGqhjNuFAAAA,1rJ6X-0aCL7oJjETAAAB",playerA,9:45:44,D,Round8,4/3/2019,guesser,8,2,samespecies,matched,sepo,0,1,0,before,166,199,13,15,12.7692307692308,13.2666666666667,0.142857142857143,Male,19,Some college,PennLab
58,"_zxX0-gYYGqhjNuFAAAA,1rJ6X-0aCL7oJjETAAAB",playerA,9:27:09,D,Round1,4/3/2019,guesser,1,1,matched,matched,sepo,0,1,0,before,166,199,13,15,12.7692307692308,13.2666666666667,0.142857142857143,Male,19,Some college,PennLab
59,"_zxX0-gYYGqhjNuFAAAA,1rJ6X-0aCL7oJjETAAAB",playerA,9:27:09,D,Round1,4/3/2019,guesser,1,1,matched,matched,repo,0,1,0,before,166,199,13,15,12.7692307692308,13.2666666666667,0.142857142857143,Male,19,Some college,PennLab
60,"_zxX0-gYYGqhjNuFAAAA,1rJ6X-0aCL7oJjETAAAB",playerA,9:40:01,D,Round5,4/3/2019,guesser,5,1,matched,matched,blepo,0,1,0,after,166,199,13,15,12.7692307692308,13.2666666666667,0.142857142857143,Male,19,Some college,PennLab
61,"_zxX0-gYYGqhjNuFAAAA,1rJ6X-0aCL7oJjETAAAB",playerA,9:40:01,D,Round5,4/3/2019,guesser,5,1,matched,matched,wepo,0,1,0,after,166,199,13,15,12.7692307692308,13.2666666666667,0.142857142857143,Male,19,Some college,PennLab
62,"_zxX0-gYYGqhjNuFAAAA,1rJ6X-0aCL7oJjETAAAB",playerA,9:40:01,D,Round5,4/3/2019,guesser,5,1,matched,matched,repo,0,1,0,after,166,199,13,15,12.7692307692308,13.2666666666667,0.142857142857143,Male,19,Some college,PennLab
63,"_zxX0-gYYGqhjNuFAAAA,1rJ6X-0aCL7oJjETAAAB",playerA,9:33:14,D,Round3,4/3/2019,guesser,3,1,matched,matched,sepo,0,1,0,after,166,199,13,15,12.7692307692308,13.2666666666667,0.142857142857143,Male,19,Some college,PennLab
64,"_zxX0-gYYGqhjNuFAAAA,1rJ6X-0aCL7oJjETAAAB",playerA,9:33:14,D,Round3,4/3/2019,guesser,3,1,matched,matched,repo,0,1,0,after,166,199,13,15,12.7692307692308,13.2666666666667,0.142857142857143,Male,19,Some college,PennLab
65,"_zxX0-gYYGqhjNuFAAAA,1rJ6X-0aCL7oJjETAAAB",playerA,9:45:44,D,Round8,4/3/2019,guesser,8,2,samespecies,matched,pilo,0,1,0,before,166,199,13,15,12.7692307692308,13.2666666666667,0.142857142857143,Male,19,Some college,PennLab
66,"_zxX0-gYYGqhjNuFAAAA,1rJ6X-0aCL7oJjETAAAB",playerA,9:45:44,D,Round8,4/3/2019,guesser,8,2,samespecies,matched,blupo.,0,1,0,before,166,199,13,15,12.7692307692308,13.2666666666667,0.142857142857143,Male,19,Some college,PennLab
67,"_zxX0-gYYGqhjNuFAAAA,1rJ6X-0aCL7oJjETAAAB",playerA,9:45:44,D,Round8,4/3/2019,guesser,8,2,samespecies,matched,wepo,0,1,0,before,166,199,13,15,12.7692307692308,13.2666666666667,0.142857142857143,Male,19,Some college,PennLab
68,"_zxX0-gYYGqhjNuFAAAA,1rJ6X-0aCL7oJjETAAAB",playerA,9:45:44,D,Round8,4/3/2019,guesser,8,2,samespecies,matched,nepo,0,1,0,before,166,199,13,15,12.7692307692308,13.2666666666667,0.142857142857143,Male,19,Some college,PennLab
69,"_zxX0-gYYGqhjNuFAAAA,1rJ6X-0aCL7oJjETAAAB",playerA,9:26:27,D,Round1,4/3/2019,guesser,1,1,matched,matched,sepo,0,1,0,before,166,199,13,15,12.7692307692308,13.2666666666667,0.142857142857143,Male,19,Some college,PennLab
70,"_zxX0-gYYGqhjNuFAAAA,1rJ6X-0aCL7oJjETAAAB",playerA,9:33:14,D,Round3,4/3/2019,guesser,3,1,matched,matched,repo,0,1,0,after,166,199,13,15,12.7692307692308,13.2666666666667,0.142857142857143,Male,19,Some college,PennLab
71,"_zxX0-gYYGqhjNuFAAAA,1rJ6X-0aCL7oJjETAAAB",playerA,9:33:14,D,Round3,4/3/2019,guesser,3,1,matched,matched,sepo,0,1,0,after,166,199,13,15,12.7692307692308,13.2666666666667,0.142857142857143,Male,19,Some college,PennLab
72,"_zxX0-gYYGqhjNuFAAAA,1rJ6X-0aCL7oJjETAAAB",playerA,10:17:02,D,Round19,4/3/2019,guesser,19,3,unmatched,matched,bluva,0,0,1,after,166,199,13,15,12.7692307692308,13.2666666666667,0.142857142857143,Male,19,Some college,PennLab
73,"_zxX0-gYYGqhjNuFAAAA,1rJ6X-0aCL7oJjETAAAB",playerA,9:33:14,D,Round3,4/3/2019,guesser,3,1,matched,matched,"yepo,",0,1,0,after,166,199,13,15,12.7692307692308,13.2666666666667,0.142857142857143,Male,19,Some college,PennLab
74,"_zxX0-gYYGqhjNuFAAAA,1rJ6X-0aCL7oJjETAAAB",playerA,9:33:14,D,Round3,4/3/2019,guesser,3,1,matched,matched,nepo,0,1,0,after,166,199,13,15,12.7692307692308,13.2666666666667,0.142857142857143,Male,19,Some college,PennLab
75,"_zxX0-gYYGqhjNuFAAAA,1rJ6X-0aCL7oJjETAAAB",playerA,9:33:14,D,Round3,4/3/2019,guesser,3,1,matched,matched,"yepo,",0,1,0,after,166,199,13,15,12.7692307692308,13.2666666666667,0.142857142857143,Male,19,Some college,PennLab
76,"_zxX0-gYYGqhjNuFAAAA,1rJ6X-0aCL7oJjETAAAB",playerA,10:17:02,D,Round19,4/3/2019,guesser,19,3,unmatched,matched,nop,0,1,0,after,166,199,13,15,12.7692307692308,13.2666666666667,0.142857142857143,Male,19,Some college,PennLab
77,"_zxX0-gYYGqhjNuFAAAA,1rJ6X-0aCL7oJjETAAAB",playerA,9:26:27,D,Round1,4/3/2019,guesser,1,1,matched,matched,"nepo,",0,1,0,before,166,199,13,15,12.7692307692308,13.2666666666667,0.142857142857143,Male,19,Some college,PennLab
78,"_zxX0-gYYGqhjNuFAAAA,1rJ6X-0aCL7oJjETAAAB",playerA,9:26:27,D,Round1,4/3/2019,guesser,1,1,matched,matched,wopwops,0,1,0,before,166,199,13,15,12.7692307692308,13.2666666666667,0.142857142857143,Male,19,Some college,PennLab
79,"_zxX0-gYYGqhjNuFAAAA,1rJ6X-0aCL7oJjETAAAB",playerA,9:26:27,D,Round1,4/3/2019,guesser,1,1,matched,matched,"yepo,",0,1,0,before,166,199,13,15,12.7692307692308,13.2666666666667,0.142857142857143,Male,19,Some college,PennLab
80,"_zxX0-gYYGqhjNuFAAAA,1rJ6X-0aCL7oJjETAAAB",playerA,9:26:27,D,Round1,4/3/2019,guesser,1,1,matched,matched,wopwops,0,1,0,before,166,199,13,15,12.7692307692308,13.2666666666667,0.142857142857143,Male,19,Some college,PennLab
81,"_zxX0-gYYGqhjNuFAAAA,1rJ6X-0aCL7oJjETAAAB",playerA,9:26:27,D,Round1,4/3/2019,guesser,1,1,matched,matched,"blepo,",0,1,0,before,166,199,13,15,12.7692307692308,13.2666666666667,0.142857142857143,Male,19,Some college,PennLab
82,"_zxX0-gYYGqhjNuFAAAA,1rJ6X-0aCL7oJjETAAAB",playerA,10:17:02,D,Round19,4/3/2019,guesser,19,3,unmatched,matched,wepo,0,1,0,after,166,199,13,15,12.7692307692308,13.2666666666667,0.142857142857143,Male,19,Some college,PennLab
83,"_zxX0-gYYGqhjNuFAAAA,1rJ6X-0aCL7oJjETAAAB",playerA,10:17:02,D,Round19,4/3/2019,guesser,19,3,unmatched,matched,yupa,0,1,0,after,166,199,13,15,12.7692307692308,13.2666666666667,0.142857142857143,Male,19,Some college,PennLab
84,"_zxX0-gYYGqhjNuFAAAA,1rJ6X-0aCL7oJjETAAAB",playerA,10:17:02,D,Round19,4/3/2019,guesser,19,3,unmatched,matched,pilo.,0,1,0,after,166,199,13,15,12.7692307692308,13.2666666666667,0.142857142857143,Male,19,Some college,PennLab
85,"_zxX0-gYYGqhjNuFAAAA,1rJ6X-0aCL7oJjETAAAB",playerA,9:33:14,D,Round3,4/3/2019,guesser,3,1,matched,matched,pilu,0,1,0,after,166,199,13,15,12.7692307692308,13.2666666666667,0.142857142857143,Male,19,Some college,PennLab
86,"_zxX0-gYYGqhjNuFAAAA,1rJ6X-0aCL7oJjETAAAB",playerB,10:13:23,D,Round18,4/3/2019,guesser,18,3,unmatched,matched,filu,1,0,0,after,166,199,13,15,12.7692307692308,13.2666666666667,0.142857142857143,Male,22,High school diploma,PennLab
87,"_zxX0-gYYGqhjNuFAAAA,1rJ6X-0aCL7oJjETAAAB",playerB,10:19:00,D,Round20,4/3/2019,guesser,20,3,unmatched,matched,blufa,1,0,0,after,166,199,13,15,12.7692307692308,13.2666666666667,0.142857142857143,Male,22,High school diploma,PennLab
88,"_zxX0-gYYGqhjNuFAAAA,1rJ6X-0aCL7oJjETAAAB",playerB,10:19:00,D,Round20,4/3/2019,guesser,20,3,unmatched,matched,nof,1,0,0,after,166,199,13,15,12.7692307692308,13.2666666666667,0.142857142857143,Male,22,High school diploma,PennLab
89,"_zxX0-gYYGqhjNuFAAAA,1rJ6X-0aCL7oJjETAAAB",playerB,10:13:21,D,Round18,4/3/2019,guesser,18,3,unmatched,matched,flu,1,0,0,after,166,199,13,15,12.7692307692308,13.2666666666667,0.142857142857143,Male,22,High school diploma,PennLab
90,"_zxX0-gYYGqhjNuFAAAA,1rJ6X-0aCL7oJjETAAAB",playerB,9:37:17,D,Round4,4/3/2019,guesser,4,1,matched,matched,rufa,1,0,0,after,166,199,13,15,12.7692307692308,13.2666666666667,0.142857142857143,Male,22,High school diploma,PennLab
91,"_zxX0-gYYGqhjNuFAAAA,1rJ6X-0aCL7oJjETAAAB",playerB,9:56:15,D,Round11,4/3/2019,guesser,11,2,samespecies,matched,yufa,1,0,0,after,166,199,13,15,12.7692307692308,13.2666666666667,0.142857142857143,Male,22,High school diploma,PennLab
92,"_zxX0-gYYGqhjNuFAAAA,1rJ6X-0aCL7oJjETAAAB",playerB,10:13:21,D,Round18,4/3/2019,guesser,18,3,unmatched,matched,blufa,1,0,0,after,166,199,13,15,12.7692307692308,13.2666666666667,0.142857142857143,Male,22,High school diploma,PennLab
93,"_zxX0-gYYGqhjNuFAAAA,1rJ6X-0aCL7oJjETAAAB",playerB,9:56:15,D,Round11,4/3/2019,guesser,11,2,samespecies,matched,nefo,1,0,0,after,166,199,13,15,12.7692307692308,13.2666666666667,0.142857142857143,Male,22,High school diploma,PennLab
94,"_zxX0-gYYGqhjNuFAAAA,1rJ6X-0aCL7oJjETAAAB",playerB,10:03:36,D,Round13,4/3/2019,guesser,13,2,samespecies,matched,nefo,1,0,0,after,166,199,13,15,12.7692307692308,13.2666666666667,0.142857142857143,Male,22,High school diploma,PennLab
95,"_zxX0-gYYGqhjNuFAAAA,1rJ6X-0aCL7oJjETAAAB",playerB,9:56:15,D,Round11,4/3/2019,guesser,11,2,samespecies,matched,nof,1,0,0,after,166,199,13,15,12.7692307692308,13.2666666666667,0.142857142857143,Male,22,High school diploma,PennLab
96,"_zxX0-gYYGqhjNuFAAAA,1rJ6X-0aCL7oJjETAAAB",playerB,10:19:00,D,Round20,4/3/2019,guesser,20,3,unmatched,matched,wefo,1,0,0,after,166,199,13,15,12.7692307692308,13.2666666666667,0.142857142857143,Male,22,High school diploma,PennLab
97,"_zxX0-gYYGqhjNuFAAAA,1rJ6X-0aCL7oJjETAAAB",playerB,9:56:15,D,Round11,4/3/2019,guesser,11,2,samespecies,matched,nof.,1,0,0,after,166,199,13,15,12.7692307692308,13.2666666666667,0.142857142857143,Male,22,High school diploma,PennLab
98,"_zxX0-gYYGqhjNuFAAAA,1rJ6X-0aCL7oJjETAAAB",playerB,9:49:54,D,Round9,4/3/2019,guesser,9,2,samespecies,matched,yufa,1,0,0,after,166,199,13,15,12.7692307692308,13.2666666666667,0.142857142857143,Male,22,High school diploma,PennLab
99,"_zxX0-gYYGqhjNuFAAAA,1rJ6X-0aCL7oJjETAAAB",playerB,9:27:44,D,Round1,4/3/2019,drawer,1,1,matched,matched,nefo,1,0,0,after,166,199,13,15,12.7692307692308,13.2666666666667,0.142857142857143,Male,22,High school diploma,PennLab
100,"_zxX0-gYYGqhjNuFAAAA,1rJ6X-0aCL7oJjETAAAB",playerB,9:49:54,D,Round9,4/3/2019,guesser,9,2,samespecies,matched,rufa,1,0,0,after,166,199,13,15,12.7692307692308,13.2666666666667,0.142857142857143,Male,22,High school diploma,PennLab
101,"_zxX0-gYYGqhjNuFAAAA,1rJ6X-0aCL7oJjETAAAB",playerB,9:49:54,D,Round9,4/3/2019,guesser,9,2,samespecies,matched,nof,1,0,0,after,166,199,13,15,12.7692307692308,13.2666666666667,0.142857142857143,Male,22,High school diploma,PennLab
102,"_zxX0-gYYGqhjNuFAAAA,1rJ6X-0aCL7oJjETAAAB",playerB,9:56:15,D,Round11,4/3/2019,guesser,11,2,samespecies,matched,rufa,1,0,0,after,166,199,13,15,12.7692307692308,13.2666666666667,0.142857142857143,Male,22,High school diploma,PennLab
103,"_zxX0-gYYGqhjNuFAAAA,1rJ6X-0aCL7oJjETAAAB",playerB,9:37:17,D,Round4,4/3/2019,guesser,4,1,matched,matched,rufa,1,0,0,after,166,199,13,15,12.7692307692308,13.2666666666667,0.142857142857143,Male,22,High school diploma,PennLab
104,"_zxX0-gYYGqhjNuFAAAA,1rJ6X-0aCL7oJjETAAAB",playerB,10:13:21,D,Round18,4/3/2019,guesser,18,3,unmatched,matched,sefo,1,0,0,after,166,199,13,15,12.7692307692308,13.2666666666667,0.142857142857143,Male,22,High school diploma,PennLab
105,"_zxX0-gYYGqhjNuFAAAA,1rJ6X-0aCL7oJjETAAAB",playerB,10:13:21,D,Round18,4/3/2019,guesser,18,3,unmatched,matched,nof,1,0,0,after,166,199,13,15,12.7692307692308,13.2666666666667,0.142857142857143,Male,22,High school diploma,PennLab
106,"_zxX0-gYYGqhjNuFAAAA,1rJ6X-0aCL7oJjETAAAB",playerB,10:19:00,D,Round20,4/3/2019,guesser,20,3,unmatched,matched,nefo.,1,0,0,after,166,199,13,15,12.7692307692308,13.2666666666667,0.142857142857143,Male,22,High school diploma,PennLab
107,"_zxX0-gYYGqhjNuFAAAA,1rJ6X-0aCL7oJjETAAAB",playerB,10:08:26,D,Round16,4/3/2019,guesser,16,3,unmatched,matched,nof.,1,0,0,after,166,199,13,15,12.7692307692308,13.2666666666667,0.142857142857143,Male,22,High school diploma,PennLab
108,"_zxX0-gYYGqhjNuFAAAA,1rJ6X-0aCL7oJjETAAAB",playerB,10:19:00,D,Round20,4/3/2019,guesser,20,3,unmatched,matched,nefo,1,0,0,after,166,199,13,15,12.7692307692308,13.2666666666667,0.142857142857143,Male,22,High school diploma,PennLab
109,"_zxX0-gYYGqhjNuFAAAA,1rJ6X-0aCL7oJjETAAAB",playerB,10:19:00,D,Round20,4/3/2019,guesser,20,3,unmatched,matched,yufa,1,0,0,after,166,199,13,15,12.7692307692308,13.2666666666667,0.142857142857143,Male,22,High school diploma,PennLab
110,"_zxX0-gYYGqhjNuFAAAA,1rJ6X-0aCL7oJjETAAAB",playerB,9:56:15,D,Round11,4/3/2019,guesser,11,2,samespecies,matched,filu,1,0,0,after,166,199,13,15,12.7692307692308,13.2666666666667,0.142857142857143,Male,22,High school diploma,PennLab
111,"_zxX0-gYYGqhjNuFAAAA,1rJ6X-0aCL7oJjETAAAB",playerB,9:37:17,D,Round4,4/3/2019,guesser,4,1,matched,matched,blufa,1,0,0,after,166,199,13,15,12.7692307692308,13.2666666666667,0.142857142857143,Male,22,High school diploma,PennLab
112,"_zxX0-gYYGqhjNuFAAAA,1rJ6X-0aCL7oJjETAAAB",playerB,9:37:17,D,Round4,4/3/2019,guesser,4,1,matched,matched,sefo,1,0,0,after,166,199,13,15,12.7692307692308,13.2666666666667,0.142857142857143,Male,22,High school diploma,PennLab
113,"_zxX0-gYYGqhjNuFAAAA,1rJ6X-0aCL7oJjETAAAB",playerB,9:37:17,D,Round4,4/3/2019,guesser,4,1,matched,matched,bufa,1,0,0,after,166,199,13,15,12.7692307692308,13.2666666666667,0.142857142857143,Male,22,High school diploma,PennLab
114,"_zxX0-gYYGqhjNuFAAAA,1rJ6X-0aCL7oJjETAAAB",playerB,10:13:21,D,Round18,4/3/2019,guesser,18,3,unmatched,matched,yufa,1,0,0,after,166,199,13,15,12.7692307692308,13.2666666666667,0.142857142857143,Male,22,High school diploma,PennLab
115,"_zxX0-gYYGqhjNuFAAAA,1rJ6X-0aCL7oJjETAAAB",playerB,10:03:36,D,Round13,4/3/2019,guesser,13,2,samespecies,matched,blufa,1,0,0,after,166,199,13,15,12.7692307692308,13.2666666666667,0.142857142857143,Male,22,High school diploma,PennLab
116,"_zxX0-gYYGqhjNuFAAAA,1rJ6X-0aCL7oJjETAAAB",playerB,10:03:36,D,Round13,4/3/2019,guesser,13,2,samespecies,matched,nof.,1,0,0,after,166,199,13,15,12.7692307692308,13.2666666666667,0.142857142857143,Male,22,High school diploma,PennLab
117,"_zxX0-gYYGqhjNuFAAAA,1rJ6X-0aCL7oJjETAAAB",playerB,10:03:36,D,Round13,4/3/2019,guesser,13,2,samespecies,matched,rufa,1,0,0,after,166,199,13,15,12.7692307692308,13.2666666666667,0.142857142857143,Male,22,High school diploma,PennLab
118,"_zxX0-gYYGqhjNuFAAAA,1rJ6X-0aCL7oJjETAAAB",playerB,9:30:18,D,Round2,4/3/2019,guesser,2,1,matched,matched,yufa,1,0,0,after,166,199,13,15,12.7692307692308,13.2666666666667,0.142857142857143,Male,22,High school diploma,PennLab
119,"_zxX0-gYYGqhjNuFAAAA,1rJ6X-0aCL7oJjETAAAB",playerB,10:03:36,D,Round13,4/3/2019,guesser,13,2,samespecies,matched,rufa,1,0,0,after,166,199,13,15,12.7692307692308,13.2666666666667,0.142857142857143,Male,22,High school diploma,PennLab
120,"_zxX0-gYYGqhjNuFAAAA,1rJ6X-0aCL7oJjETAAAB",playerB,9:30:18,D,Round2,4/3/2019,guesser,2,1,matched,matched,nof,1,0,0,after,166,199,13,15,12.7692307692308,13.2666666666667,0.142857142857143,Male,22,High school diploma,PennLab
121,"_zxX0-gYYGqhjNuFAAAA,1rJ6X-0aCL7oJjETAAAB",playerB,9:30:18,D,Round2,4/3/2019,guesser,2,1,matched,matched,bufa,1,0,0,after,166,199,13,15,12.7692307692308,13.2666666666667,0.142857142857143,Male,22,High school diploma,PennLab
122,"_zxX0-gYYGqhjNuFAAAA,1rJ6X-0aCL7oJjETAAAB",playerB,9:56:15,D,Round11,4/3/2019,guesser,11,2,samespecies,matched,blufa,1,0,0,after,166,199,13,15,12.7692307692308,13.2666666666667,0.142857142857143,Male,22,High school diploma,PennLab
123,"_zxX0-gYYGqhjNuFAAAA,1rJ6X-0aCL7oJjETAAAB",playerB,9:49:54,D,Round9,4/3/2019,guesser,9,2,samespecies,matched,rufa,1,0,0,after,166,199,13,15,12.7692307692308,13.2666666666667,0.142857142857143,Male,22,High school diploma,PennLab
124,"_zxX0-gYYGqhjNuFAAAA,1rJ6X-0aCL7oJjETAAAB",playerB,9:49:54,D,Round9,4/3/2019,guesser,9,2,samespecies,matched,filu.,1,0,0,after,166,199,13,15,12.7692307692308,13.2666666666667,0.142857142857143,Male,22,High school diploma,PennLab
125,"_zxX0-gYYGqhjNuFAAAA,1rJ6X-0aCL7oJjETAAAB",playerB,10:08:26,D,Round16,4/3/2019,guesser,16,3,unmatched,matched,wefo,1,0,0,after,166,199,13,15,12.7692307692308,13.2666666666667,0.142857142857143,Male,22,High school diploma,PennLab
126,"_zxX0-gYYGqhjNuFAAAA,1rJ6X-0aCL7oJjETAAAB",playerB,9:49:54,D,Round9,4/3/2019,guesser,9,2,samespecies,matched,nof,1,0,0,after,166,199,13,15,12.7692307692308,13.2666666666667,0.142857142857143,Male,22,High school diploma,PennLab
127,"_zxX0-gYYGqhjNuFAAAA,1rJ6X-0aCL7oJjETAAAB",playerB,9:49:54,D,Round9,4/3/2019,guesser,9,2,samespecies,matched,rufa,1,0,0,after,166,199,13,15,12.7692307692308,13.2666666666667,0.142857142857143,Male,22,High school diploma,PennLab
128,"_zxX0-gYYGqhjNuFAAAA,1rJ6X-0aCL7oJjETAAAB",playerB,9:49:54,D,Round9,4/3/2019,guesser,9,2,samespecies,matched,filu.,1,0,0,after,166,199,13,15,12.7692307692308,13.2666666666667,0.142857142857143,Male,22,High school diploma,PennLab
129,"_zxX0-gYYGqhjNuFAAAA,1rJ6X-0aCL7oJjETAAAB",playerB,9:49:54,D,Round9,4/3/2019,guesser,9,2,samespecies,matched,blufa,1,0,0,after,166,199,13,15,12.7692307692308,13.2666666666667,0.142857142857143,Male,22,High school diploma,PennLab
130,"_zxX0-gYYGqhjNuFAAAA,1rJ6X-0aCL7oJjETAAAB",playerB,9:56:15,D,Round11,4/3/2019,guesser,11,2,samespecies,matched,utp,0,1,0,after,166,199,13,15,12.7692307692308,13.2666666666667,0.142857142857143,Male,22,High school diploma,PennLab
131,"_zxX0-gYYGqhjNuFAAAA,1rJ6X-0aCL7oJjETAAAB",playerB,10:08:26,D,Round16,4/3/2019,guesser,16,3,unmatched,matched,nefo,1,0,0,after,166,199,13,15,12.7692307692308,13.2666666666667,0.142857142857143,Male,22,High school diploma,PennLab
132,"_zxX0-gYYGqhjNuFAAAA,1rJ6X-0aCL7oJjETAAAB",playerB,10:08:26,D,Round16,4/3/2019,guesser,16,3,unmatched,matched,blufa,1,0,0,after,166,199,13,15,12.7692307692308,13.2666666666667,0.142857142857143,Male,22,High school diploma,PennLab
133,"_zxX0-gYYGqhjNuFAAAA,1rJ6X-0aCL7oJjETAAAB",playerB,9:56:15,D,Round11,4/3/2019,guesser,11,2,samespecies,matched,(yufa,1,0,0,after,166,199,13,15,12.7692307692308,13.2666666666667,0.142857142857143,Male,22,High school diploma,PennLab
134,"_zxX0-gYYGqhjNuFAAAA,1rJ6X-0aCL7oJjETAAAB",playerB,9:30:18,D,Round2,4/3/2019,guesser,2,1,matched,matched,yufa,1,0,0,after,166,199,13,15,12.7692307692308,13.2666666666667,0.142857142857143,Male,22,High school diploma,PennLab
135,"_zxX0-gYYGqhjNuFAAAA,1rJ6X-0aCL7oJjETAAAB",playerB,10:08:26,D,Round16,4/3/2019,guesser,16,3,unmatched,matched,yufa,1,0,0,after,166,199,13,15,12.7692307692308,13.2666666666667,0.142857142857143,Male,22,High school diploma,PennLab
136,"_zxX0-gYYGqhjNuFAAAA,1rJ6X-0aCL7oJjETAAAB",playerB,10:08:26,D,Round16,4/3/2019,guesser,16,3,unmatched,matched,nof,1,0,0,after,166,199,13,15,12.7692307692308,13.2666666666667,0.142857142857143,Male,22,High school diploma,PennLab
137,"_zxX0-gYYGqhjNuFAAAA,1rJ6X-0aCL7oJjETAAAB",playerB,10:13:21,D,Round18,4/3/2019,guesser,18,3,unmatched,matched,sefo,1,0,0,after,166,199,13,15,12.7692307692308,13.2666666666667,0.142857142857143,Male,22,High school diploma,PennLab
138,"_zxX0-gYYGqhjNuFAAAA,1rJ6X-0aCL7oJjETAAAB",playerB,10:13:21,D,Round18,4/3/2019,guesser,18,3,unmatched,matched,(blufa,1,0,0,after,166,199,13,15,12.7692307692308,13.2666666666667,0.142857142857143,Male,22,High school diploma,PennLab
139,"_zxX0-gYYGqhjNuFAAAA,1rJ6X-0aCL7oJjETAAAB",playerB,10:13:21,D,Round18,4/3/2019,guesser,18,3,unmatched,matched,rufa,1,0,0,after,166,199,13,15,12.7692307692308,13.2666666666667,0.142857142857143,Male,22,High school diploma,PennLab
140,"_zxX0-gYYGqhjNuFAAAA,1rJ6X-0aCL7oJjETAAAB",playerB,9:37:17,D,Round4,4/3/2019,guesser,4,1,matched,matched,filu.,1,0,0,after,166,199,13,15,12.7692307692308,13.2666666666667,0.142857142857143,Male,22,High school diploma,PennLab
141,"_zxX0-gYYGqhjNuFAAAA,1rJ6X-0aCL7oJjETAAAB",playerB,9:37:17,D,Round4,4/3/2019,guesser,4,1,matched,matched,wefo.,1,0,0,after,166,199,13,15,12.7692307692308,13.2666666666667,0.142857142857143,Male,22,High school diploma,PennLab
142,"_zxX0-gYYGqhjNuFAAAA,1rJ6X-0aCL7oJjETAAAB",playerB,9:37:17,D,Round4,4/3/2019,guesser,4,1,matched,matched,nof,1,0,0,after,166,199,13,15,12.7692307692308,13.2666666666667,0.142857142857143,Male,22,High school diploma,PennLab
143,"_zxX0-gYYGqhjNuFAAAA,1rJ6X-0aCL7oJjETAAAB",playerB,9:49:54,D,Round9,4/3/2019,guesser,9,2,samespecies,matched,efo,1,0,0,after,166,199,13,15,12.7692307692308,13.2666666666667,0.142857142857143,Male,22,High school diploma,PennLab
144,"_zxX0-gYYGqhjNuFAAAA,1rJ6X-0aCL7oJjETAAAB",playerB,9:30:18,D,Round2,4/3/2019,guesser,2,1,matched,matched,filu,1,0,0,after,166,199,13,15,12.7692307692308,13.2666666666667,0.142857142857143,Male,22,High school diploma,PennLab
145,"_zxX0-gYYGqhjNuFAAAA,1rJ6X-0aCL7oJjETAAAB",playerB,9:56:15,D,Round11,4/3/2019,guesser,11,2,samespecies,matched,sefo,1,0,0,after,166,199,13,15,12.7692307692308,13.2666666666667,0.142857142857143,Male,22,High school diploma,PennLab
146,"_zxX0-gYYGqhjNuFAAAA,1rJ6X-0aCL7oJjETAAAB",playerB,9:42:35,D,Round6,4/3/2019,guesser,6,1,matched,matched,filu,1,0,0,after,166,199,13,15,12.7692307692308,13.2666666666667,0.142857142857143,Male,22,High school diploma,PennLab
147,"_zxX0-gYYGqhjNuFAAAA,1rJ6X-0aCL7oJjETAAAB",playerB,9:56:15,D,Round11,4/3/2019,guesser,11,2,samespecies,matched,"leklo,rufa",1,0,0,after,166,199,13,15,12.7692307692308,13.2666666666667,0.142857142857143,Male,22,High school diploma,PennLab
148,"_zxX0-gYYGqhjNuFAAAA,1rJ6X-0aCL7oJjETAAAB",playerB,9:56:15,D,Round11,4/3/2019,guesser,11,2,samespecies,matched,sefo,1,0,0,after,166,199,13,15,12.7692307692308,13.2666666666667,0.142857142857143,Male,22,High school diploma,PennLab
149,"_zxX0-gYYGqhjNuFAAAA,1rJ6X-0aCL7oJjETAAAB",playerB,10:03:36,D,Round13,4/3/2019,guesser,13,2,samespecies,matched,nof,1,0,0,after,166,199,13,15,12.7692307692308,13.2666666666667,0.142857142857143,Male,22,High school diploma,PennLab
150,"_zxX0-gYYGqhjNuFAAAA,1rJ6X-0aCL7oJjETAAAB",playerB,9:28:04,D,Round1,4/3/2019,drawer,1,1,matched,matched,yufa,1,0,0,after,166,199,13,15,12.7692307692308,13.2666666666667,0.142857142857143,Male,22,High school diploma,PennLab
151,"_zxX0-gYYGqhjNuFAAAA,1rJ6X-0aCL7oJjETAAAB",playerB,9:30:18,D,Round2,4/3/2019,guesser,2,1,matched,matched,"efo,",1,0,0,after,166,199,13,15,12.7692307692308,13.2666666666667,0.142857142857143,Male,22,High school diploma,PennLab
152,"_zxX0-gYYGqhjNuFAAAA,1rJ6X-0aCL7oJjETAAAB",playerB,10:19:00,D,Round20,4/3/2019,guesser,20,3,unmatched,matched,filu,1,0,0,after,166,199,13,15,12.7692307692308,13.2666666666667,0.142857142857143,Male,22,High school diploma,PennLab
153,"_zxX0-gYYGqhjNuFAAAA,1rJ6X-0aCL7oJjETAAAB",playerB,9:30:18,D,Round2,4/3/2019,guesser,2,1,matched,matched,bufa,1,0,0,after,166,199,13,15,12.7692307692308,13.2666666666667,0.142857142857143,Male,22,High school diploma,PennLab
154,"_zxX0-gYYGqhjNuFAAAA,1rJ6X-0aCL7oJjETAAAB",playerB,10:03:36,D,Round13,4/3/2019,guesser,13,2,samespecies,matched,filu.,1,0,0,after,166,199,13,15,12.7692307692308,13.2666666666667,0.142857142857143,Male,22,High school diploma,PennLab
155,"_zxX0-gYYGqhjNuFAAAA,1rJ6X-0aCL7oJjETAAAB",playerB,10:03:36,D,Round13,4/3/2019,guesser,13,2,samespecies,matched,efo,1,0,0,after,166,199,13,15,12.7692307692308,13.2666666666667,0.142857142857143,Male,22,High school diploma,PennLab
156,"_zxX0-gYYGqhjNuFAAAA,1rJ6X-0aCL7oJjETAAAB",playerB,10:13:21,D,Round18,4/3/2019,guesser,18,3,unmatched,matched,rufa,1,0,0,after,166,199,13,15,12.7692307692308,13.2666666666667,0.142857142857143,Male,22,High school diploma,PennLab
157,"_zxX0-gYYGqhjNuFAAAA,1rJ6X-0aCL7oJjETAAAB",playerB,10:08:26,D,Round16,4/3/2019,guesser,16,3,unmatched,matched,wefo,1,0,0,after,166,199,13,15,12.7692307692308,13.2666666666667,0.142857142857143,Male,22,High school diploma,PennLab
158,"_zxX0-gYYGqhjNuFAAAA,1rJ6X-0aCL7oJjETAAAB",playerB,10:08:26,D,Round16,4/3/2019,guesser,16,3,unmatched,matched,filu.,1,0,0,after,166,199,13,15,12.7692307692308,13.2666666666667,0.142857142857143,Male,22,High school diploma,PennLab
159,"_zxX0-gYYGqhjNuFAAAA,1rJ6X-0aCL7oJjETAAAB",playerB,9:42:35,D,Round6,4/3/2019,guesser,6,1,matched,matched,yufa,1,0,0,after,166,199,13,15,12.7692307692308,13.2666666666667,0.142857142857143,Male,22,High school diploma,PennLab
160,"_zxX0-gYYGqhjNuFAAAA,1rJ6X-0aCL7oJjETAAAB",playerB,10:08:26,D,Round16,4/3/2019,guesser,16,3,unmatched,matched,sefo,1,0,0,after,166,199,13,15,12.7692307692308,13.2666666666667,0.142857142857143,Male,22,High school diploma,PennLab
161,"_zxX0-gYYGqhjNuFAAAA,1rJ6X-0aCL7oJjETAAAB",playerB,9:49:54,D,Round9,4/3/2019,guesser,9,2,samespecies,matched,nefo.,1,0,0,after,166,199,13,15,12.7692307692308,13.2666666666667,0.142857142857143,Male,22,High school diploma,PennLab
162,"_zxX0-gYYGqhjNuFAAAA,1rJ6X-0aCL7oJjETAAAB",playerB,9:56:15,D,Round11,4/3/2019,guesser,11,2,samespecies,matched,blufa,1,0,0,after,166,199,13,15,12.7692307692308,13.2666666666667,0.142857142857143,Male,22,High school diploma,PennLab
163,"_zxX0-gYYGqhjNuFAAAA,1rJ6X-0aCL7oJjETAAAB",playerB,10:03:36,D,Round13,4/3/2019,guesser,13,2,samespecies,matched,yufa,1,0,0,after,166,199,13,15,12.7692307692308,13.2666666666667,0.142857142857143,Male,22,High school diploma,PennLab
164,"_zxX0-gYYGqhjNuFAAAA,1rJ6X-0aCL7oJjETAAAB",playerB,10:08:26,D,Round16,4/3/2019,guesser,16,3,unmatched,matched,blufa,1,0,0,after,166,199,13,15,12.7692307692308,13.2666666666667,0.142857142857143,Male,22,High school diploma,PennLab
165,"_zxX0-gYYGqhjNuFAAAA,1rJ6X-0aCL7oJjETAAAB",playerB,10:03:36,D,Round13,4/3/2019,guesser,13,2,samespecies,matched,yufa,1,0,0,after,166,199,13,15,12.7692307692308,13.2666666666667,0.142857142857143,Male,22,High school diploma,PennLab
166,"_zxX0-gYYGqhjNuFAAAA,1rJ6X-0aCL7oJjETAAAB",playerB,9:49:54,D,Round9,4/3/2019,guesser,9,2,samespecies,matched,wefo,1,0,0,after,166,199,13,15,12.7692307692308,13.2666666666667,0.142857142857143,Male,22,High school diploma,PennLab
167,"_zxX0-gYYGqhjNuFAAAA,1rJ6X-0aCL7oJjETAAAB",playerB,10:08:26,D,Round16,4/3/2019,guesser,16,3,unmatched,matched,sefo,1,0,0,after,166,199,13,15,12.7692307692308,13.2666666666667,0.142857142857143,Male,22,High school diploma,PennLab
168,"_zxX0-gYYGqhjNuFAAAA,1rJ6X-0aCL7oJjETAAAB",playerB,9:56:15,D,Round11,4/3/2019,guesser,11,2,samespecies,matched,nof.,1,0,0,after,166,199,13,15,12.7692307692308,13.2666666666667,0.142857142857143,Male,22,High school diploma,PennLab
169,"_zxX0-gYYGqhjNuFAAAA,1rJ6X-0aCL7oJjETAAAB",playerB,9:56:15,D,Round11,4/3/2019,guesser,11,2,samespecies,matched,efo,1,0,0,after,166,199,13,15,12.7692307692308,13.2666666666667,0.142857142857143,Male,22,High school diploma,PennLab
170,"_zxX0-gYYGqhjNuFAAAA,1rJ6X-0aCL7oJjETAAAB",playerB,9:42:35,D,Round6,4/3/2019,guesser,6,1,matched,matched,nof,1,0,0,after,166,199,13,15,12.7692307692308,13.2666666666667,0.142857142857143,Male,22,High school diploma,PennLab
171,"_zxX0-gYYGqhjNuFAAAA,1rJ6X-0aCL7oJjETAAAB",playerB,10:03:36,D,Round13,4/3/2019,guesser,13,2,samespecies,matched,efo,1,0,0,after,166,199,13,15,12.7692307692308,13.2666666666667,0.142857142857143,Male,22,High school diploma,PennLab
172,"_zxX0-gYYGqhjNuFAAAA,1rJ6X-0aCL7oJjETAAAB",playerB,10:13:21,D,Round18,4/3/2019,guesser,18,3,unmatched,matched,filu),1,0,0,after,166,199,13,15,12.7692307692308,13.2666666666667,0.142857142857143,Male,22,High school diploma,PennLab
173,"_zxX0-gYYGqhjNuFAAAA,1rJ6X-0aCL7oJjETAAAB",playerB,10:13:21,D,Round18,4/3/2019,guesser,18,3,unmatched,matched,efo,1,0,0,after,166,199,13,15,12.7692307692308,13.2666666666667,0.142857142857143,Male,22,High school diploma,PennLab
174,"_zxX0-gYYGqhjNuFAAAA,1rJ6X-0aCL7oJjETAAAB",playerB,9:42:35,D,Round6,4/3/2019,guesser,6,1,matched,matched,wefo,1,0,0,after,166,199,13,15,12.7692307692308,13.2666666666667,0.142857142857143,Male,22,High school diploma,PennLab
175,"_zxX0-gYYGqhjNuFAAAA,1rJ6X-0aCL7oJjETAAAB",playerB,9:56:15,D,Round11,4/3/2019,guesser,11,2,samespecies,matched,nof.,1,0,0,after,166,199,13,15,12.7692307692308,13.2666666666667,0.142857142857143,Male,22,High school diploma,PennLab
176,"_zxX0-gYYGqhjNuFAAAA,1rJ6X-0aCL7oJjETAAAB",playerB,10:19:00,D,Round20,4/3/2019,guesser,20,3,unmatched,matched,rufa,1,0,0,after,166,199,13,15,12.7692307692308,13.2666666666667,0.142857142857143,Male,22,High school diploma,PennLab
177,"_zxX0-gYYGqhjNuFAAAA,1rJ6X-0aCL7oJjETAAAB",playerB,9:42:35,D,Round6,4/3/2019,guesser,6,1,matched,matched,bufa,1,0,0,after,166,199,13,15,12.7692307692308,13.2666666666667,0.142857142857143,Male,22,High school diploma,PennLab
178,"_zxX0-gYYGqhjNuFAAAA,1rJ6X-0aCL7oJjETAAAB",playerB,9:42:35,D,Round6,4/3/2019,guesser,6,1,matched,matched,yufa,1,0,0,after,166,199,13,15,12.7692307692308,13.2666666666667,0.142857142857143,Male,22,High school diploma,PennLab
179,"_zxX0-gYYGqhjNuFAAAA,1rJ6X-0aCL7oJjETAAAB",playerB,9:56:15,D,Round11,4/3/2019,guesser,11,2,samespecies,matched,wefo,1,0,0,after,166,199,13,15,12.7692307692308,13.2666666666667,0.142857142857143,Male,22,High school diploma,PennLab
180,"_zxX0-gYYGqhjNuFAAAA,1rJ6X-0aCL7oJjETAAAB",playerB,9:42:35,D,Round6,4/3/2019,guesser,6,1,matched,matched,blufa,1,0,0,after,166,199,13,15,12.7692307692308,13.2666666666667,0.142857142857143,Male,22,High school diploma,PennLab
181,"_zxX0-gYYGqhjNuFAAAA,1rJ6X-0aCL7oJjETAAAB",playerB,10:08:26,D,Round16,4/3/2019,guesser,16,3,unmatched,matched,rufa,1,0,0,after,166,199,13,15,12.7692307692308,13.2666666666667,0.142857142857143,Male,22,High school diploma,PennLab
182,"_zxX0-gYYGqhjNuFAAAA,1rJ6X-0aCL7oJjETAAAB",playerB,9:42:35,D,Round6,4/3/2019,guesser,6,1,matched,matched,nefo.,1,0,0,after,166,199,13,15,12.7692307692308,13.2666666666667,0.142857142857143,Male,22,High school diploma,PennLab
183,"_zxX0-gYYGqhjNuFAAAA,1rJ6X-0aCL7oJjETAAAB",playerB,9:56:15,D,Round11,4/3/2019,guesser,11,2,samespecies,matched,nof.,1,0,0,after,166,199,13,15,12.7692307692308,13.2666666666667,0.142857142857143,Male,22,High school diploma,PennLab
184,"_zxX0-gYYGqhjNuFAAAA,1rJ6X-0aCL7oJjETAAAB",playerB,10:08:26,D,Round16,4/3/2019,guesser,16,3,unmatched,matched,(yufa,1,0,0,after,166,199,13,15,12.7692307692308,13.2666666666667,0.142857142857143,Male,22,High school diploma,PennLab
185,"_zxX0-gYYGqhjNuFAAAA,1rJ6X-0aCL7oJjETAAAB",playerB,9:42:35,D,Round6,4/3/2019,guesser,6,1,matched,matched,sefo.,1,0,0,after,166,199,13,15,12.7692307692308,13.2666666666667,0.142857142857143,Male,22,High school diploma,PennLab
186,"_zxX0-gYYGqhjNuFAAAA,1rJ6X-0aCL7oJjETAAAB",playerB,9:42:35,D,Round6,4/3/2019,guesser,6,1,matched,matched,wefo,1,0,0,after,166,199,13,15,12.7692307692308,13.2666666666667,0.142857142857143,Male,22,High school diploma,PennLab
187,"_zxX0-gYYGqhjNuFAAAA,1rJ6X-0aCL7oJjETAAAB",playerB,9:37:41,D,Round4,4/3/2019,guesser,4,1,matched,matched,bufa,1,0,0,after,166,199,13,15,12.7692307692308,13.2666666666667,0.142857142857143,Male,22,High school diploma,PennLab
188,"_zxX0-gYYGqhjNuFAAAA,1rJ6X-0aCL7oJjETAAAB",playerB,9:56:15,D,Round11,4/3/2019,guesser,11,2,samespecies,matched,sefo,1,0,0,after,166,199,13,15,12.7692307692308,13.2666666666667,0.142857142857143,Male,22,High school diploma,PennLab
189,"0WHR4Us62V7_FoilAAAA,VQMq5A4l-Dm2BRnUAAAB",playerA,20:02:06,E,Round5,3/29/2019,guesser,5,1,unmatched,unmatched,nov.,0,0,1,after,253,184,151,114,1.67549668874172,1.6140350877193,0.162264150943396,NA,NA,NA,Prolific
190,"0WHR4Us62V7_FoilAAAA,VQMq5A4l-Dm2BRnUAAAB",playerA,20:02:06,E,Round5,3/29/2019,guesser,5,1,unmatched,unmatched,sepo.,0,1,0,after,253,184,151,114,1.67549668874172,1.6140350877193,0.162264150943396,NA,NA,NA,Prolific
191,"0WHR4Us62V7_FoilAAAA,VQMq5A4l-Dm2BRnUAAAB",playerA,20:11:19,E,Round8,3/29/2019,guesser,8,2,matched,unmatched,puvo,0,1,0,after,253,184,151,114,1.67549668874172,1.6140350877193,0.162264150943396,NA,NA,NA,Prolific
192,"0WHR4Us62V7_FoilAAAA,VQMq5A4l-Dm2BRnUAAAB",playerA,20:11:19,E,Round8,3/29/2019,guesser,8,2,matched,unmatched,puvo,0,0,1,after,253,184,151,114,1.67549668874172,1.6140350877193,0.162264150943396,NA,NA,NA,Prolific
193,"0WHR4Us62V7_FoilAAAA,VQMq5A4l-Dm2BRnUAAAB",playerA,20:31:06,E,Round17,3/29/2019,guesser,17,3,samespecies,unmatched,epo,0,1,0,after,253,184,151,114,1.67549668874172,1.6140350877193,0.162264150943396,NA,NA,NA,Prolific
194,"0WHR4Us62V7_FoilAAAA,VQMq5A4l-Dm2BRnUAAAB",playerA,20:31:06,E,Round17,3/29/2019,guesser,17,3,samespecies,unmatched,bupa,0,1,0,after,253,184,151,114,1.67549668874172,1.6140350877193,0.162264150943396,NA,NA,NA,Prolific
195,"0WHR4Us62V7_FoilAAAA,VQMq5A4l-Dm2BRnUAAAB",playerA,20:31:15,E,Round17,3/29/2019,guesser,17,3,samespecies,unmatched,epo,0,1,0,after,253,184,151,114,1.67549668874172,1.6140350877193,0.162264150943396,NA,NA,NA,Prolific
196,"0WHR4Us62V7_FoilAAAA,VQMq5A4l-Dm2BRnUAAAB",playerA,20:31:19,E,Round17,3/29/2019,guesser,17,3,samespecies,unmatched,sepo,0,1,0,after,253,184,151,114,1.67549668874172,1.6140350877193,0.162264150943396,NA,NA,NA,Prolific
197,"0WHR4Us62V7_FoilAAAA,VQMq5A4l-Dm2BRnUAAAB",playerA,20:31:27,E,Round17,3/29/2019,guesser,17,3,samespecies,unmatched,epo,0,1,0,after,253,184,151,114,1.67549668874172,1.6140350877193,0.162264150943396,NA,NA,NA,Prolific
198,"0WHR4Us62V7_FoilAAAA,VQMq5A4l-Dm2BRnUAAAB",playerA,20:31:33,E,Round17,3/29/2019,guesser,17,3,samespecies,unmatched,epo,0,1,0,after,253,184,151,114,1.67549668874172,1.6140350877193,0.162264150943396,NA,NA,NA,Prolific
199,"0WHR4Us62V7_FoilAAAA,VQMq5A4l-Dm2BRnUAAAB",playerA,20:32:36,E,Round19,3/29/2019,guesser,19,3,samespecies,unmatched,nepo.,0,1,0,after,253,184,151,114,1.67549668874172,1.6140350877193,0.162264150943396,NA,NA,NA,Prolific
200,"0WHR4Us62V7_FoilAAAA,VQMq5A4l-Dm2BRnUAAAB",playerA,20:32:39,E,Round19,3/29/2019,guesser,19,3,samespecies,unmatched,sepo,0,1,0,after,253,184,151,114,1.67549668874172,1.6140350877193,0.162264150943396,NA,NA,NA,Prolific
201,"0WHR4Us62V7_FoilAAAA,VQMq5A4l-Dm2BRnUAAAB",playerA,20:32:47,E,Round19,3/29/2019,guesser,19,3,samespecies,unmatched,nepo,0,1,0,after,253,184,151,114,1.67549668874172,1.6140350877193,0.162264150943396,NA,NA,NA,Prolific
202,"0WHR4Us62V7_FoilAAAA,VQMq5A4l-Dm2BRnUAAAB",playerA,19:27:15,E,Round1,3/29/2019,guesser,1,1,unmatched,unmatched,bluva,0,0,1,after,253,184,151,114,1.67549668874172,1.6140350877193,0.162264150943396,NA,NA,NA,Prolific
203,"0WHR4Us62V7_FoilAAAA,VQMq5A4l-Dm2BRnUAAAB",playerA,19:29:33,E,Round1,3/29/2019,guesser,1,1,unmatched,unmatched,sovo,0,0,1,after,253,184,151,114,1.67549668874172,1.6140350877193,0.162264150943396,NA,NA,NA,Prolific
204,"0WHR4Us62V7_FoilAAAA,VQMq5A4l-Dm2BRnUAAAB",playerA,19:29:42,E,Round1,3/29/2019,guesser,1,1,unmatched,unmatched,novo!,0,0,1,after,253,184,151,114,1.67549668874172,1.6140350877193,0.162264150943396,NA,NA,NA,Prolific
205,"0WHR4Us62V7_FoilAAAA,VQMq5A4l-Dm2BRnUAAAB",playerA,19:30:02,E,Round1,3/29/2019,guesser,1,1,unmatched,unmatched,novo,0,0,1,after,253,184,151,114,1.67549668874172,1.6140350877193,0.162264150943396,NA,NA,NA,Prolific
206,"0WHR4Us62V7_FoilAAAA,VQMq5A4l-Dm2BRnUAAAB",playerA,19:30:30,E,Round1,3/29/2019,guesser,1,1,unmatched,unmatched,novo,0,0,1,after,253,184,151,114,1.67549668874172,1.6140350877193,0.162264150943396,NA,NA,NA,Prolific
207,"0WHR4Us62V7_FoilAAAA,VQMq5A4l-Dm2BRnUAAAB",playerA,19:31:56,E,Round1,3/29/2019,guesser,1,1,unmatched,unmatched,novo.,0,0,1,after,253,184,151,114,1.67549668874172,1.6140350877193,0.162264150943396,NA,NA,NA,Prolific
208,"0WHR4Us62V7_FoilAAAA,VQMq5A4l-Dm2BRnUAAAB",playerA,19:31:56,E,Round1,3/29/2019,guesser,1,1,unmatched,unmatched,wevo.,0,0,1,after,253,184,151,114,1.67549668874172,1.6140350877193,0.162264150943396,NA,NA,NA,Prolific
209,"0WHR4Us62V7_FoilAAAA,VQMq5A4l-Dm2BRnUAAAB",playerA,19:33:26,E,Round1,3/29/2019,guesser,1,1,unmatched,unmatched,nevo!,0,0,1,after,253,184,151,114,1.67549668874172,1.6140350877193,0.162264150943396,NA,NA,NA,Prolific
210,"0WHR4Us62V7_FoilAAAA,VQMq5A4l-Dm2BRnUAAAB",playerA,19:33:26,E,Round1,3/29/2019,guesser,1,1,unmatched,unmatched,wevo!,0,0,1,after,253,184,151,114,1.67549668874172,1.6140350877193,0.162264150943396,NA,NA,NA,Prolific
211,"0WHR4Us62V7_FoilAAAA,VQMq5A4l-Dm2BRnUAAAB",playerA,19:33:26,E,Round1,3/29/2019,guesser,1,1,unmatched,unmatched,nov.,0,0,1,after,253,184,151,114,1.67549668874172,1.6140350877193,0.162264150943396,NA,NA,NA,Prolific
212,"0WHR4Us62V7_FoilAAAA,VQMq5A4l-Dm2BRnUAAAB",playerA,19:33:59,E,Round1,3/29/2019,guesser,1,1,unmatched,unmatched,nevo,0,0,1,after,253,184,151,114,1.67549668874172,1.6140350877193,0.162264150943396,NA,NA,NA,Prolific
213,"0WHR4Us62V7_FoilAAAA,VQMq5A4l-Dm2BRnUAAAB",playerA,19:34:46,E,Round1,3/29/2019,guesser,1,1,unmatched,unmatched,sevo.,0,0,1,after,253,184,151,114,1.67549668874172,1.6140350877193,0.162264150943396,NA,NA,NA,Prolific
214,"0WHR4Us62V7_FoilAAAA,VQMq5A4l-Dm2BRnUAAAB",playerA,19:34:46,E,Round1,3/29/2019,guesser,1,1,unmatched,unmatched,ruvo,0,0,1,after,253,184,151,114,1.67549668874172,1.6140350877193,0.162264150943396,NA,NA,NA,Prolific
215,"0WHR4Us62V7_FoilAAAA,VQMq5A4l-Dm2BRnUAAAB",playerA,19:37:37,E,Round1,3/29/2019,guesser,1,1,unmatched,unmatched,wevo.,0,0,1,after,253,184,151,114,1.67549668874172,1.6140350877193,0.162264150943396,NA,NA,NA,Prolific
216,"0WHR4Us62V7_FoilAAAA,VQMq5A4l-Dm2BRnUAAAB",playerA,19:37:37,E,Round1,3/29/2019,guesser,1,1,unmatched,unmatched,sewvo.,0,0,1,after,253,184,151,114,1.67549668874172,1.6140350877193,0.162264150943396,NA,NA,NA,Prolific
217,"0WHR4Us62V7_FoilAAAA,VQMq5A4l-Dm2BRnUAAAB",playerA,19:37:37,E,Round1,3/29/2019,guesser,1,1,unmatched,unmatched,ruvo,0,0,1,after,253,184,151,114,1.67549668874172,1.6140350877193,0.162264150943396,NA,NA,NA,Prolific
218,"0WHR4Us62V7_FoilAAAA,VQMq5A4l-Dm2BRnUAAAB",playerA,19:38:37,E,Round1,3/29/2019,guesser,1,1,unmatched,unmatched,nevo,0,0,1,after,253,184,151,114,1.67549668874172,1.6140350877193,0.162264150943396,NA,NA,NA,Prolific
219,"0WHR4Us62V7_FoilAAAA,VQMq5A4l-Dm2BRnUAAAB",playerA,19:38:37,E,Round1,3/29/2019,guesser,1,1,unmatched,unmatched,ruvo,0,0,1,after,253,184,151,114,1.67549668874172,1.6140350877193,0.162264150943396,NA,NA,NA,Prolific
220,"0WHR4Us62V7_FoilAAAA,VQMq5A4l-Dm2BRnUAAAB",playerA,19:39:26,E,Round1,3/29/2019,guesser,1,1,unmatched,unmatched,ruvo,0,0,1,after,253,184,151,114,1.67549668874172,1.6140350877193,0.162264150943396,NA,NA,NA,Prolific
221,"0WHR4Us62V7_FoilAAAA,VQMq5A4l-Dm2BRnUAAAB",playerA,19:40:52,E,Round1,3/29/2019,guesser,1,1,unmatched,unmatched,ruvo,0,0,1,after,253,184,151,114,1.67549668874172,1.6140350877193,0.162264150943396,NA,NA,NA,Prolific
222,"0WHR4Us62V7_FoilAAAA,VQMq5A4l-Dm2BRnUAAAB",playerA,19:40:52,E,Round1,3/29/2019,guesser,1,1,unmatched,unmatched,vilu?,0,0,1,after,253,184,151,114,1.67549668874172,1.6140350877193,0.162264150943396,NA,NA,NA,Prolific
223,"0WHR4Us62V7_FoilAAAA,VQMq5A4l-Dm2BRnUAAAB",playerA,19:57:27,E,Round4,3/29/2019,drawer,4,1,unmatched,unmatched,nov!?,0,0,1,after,253,184,151,114,1.67549668874172,1.6140350877193,0.162264150943396,NA,NA,NA,Prolific
224,"0WHR4Us62V7_FoilAAAA,VQMq5A4l-Dm2BRnUAAAB",playerA,19:58:31,E,Round5,3/29/2019,guesser,5,1,unmatched,unmatched,nov,0,0,1,after,253,184,151,114,1.67549668874172,1.6140350877193,0.162264150943396,NA,NA,NA,Prolific
225,"0WHR4Us62V7_FoilAAAA,VQMq5A4l-Dm2BRnUAAAB",playerA,20:00:10,E,Round5,3/29/2019,guesser,5,1,unmatched,unmatched,nov.,0,0,1,after,253,184,151,114,1.67549668874172,1.6140350877193,0.162264150943396,NA,NA,NA,Prolific
226,"0WHR4Us62V7_FoilAAAA,VQMq5A4l-Dm2BRnUAAAB",playerA,20:00:23,E,Round5,3/29/2019,guesser,5,1,unmatched,unmatched,nov.,0,0,1,after,253,184,151,114,1.67549668874172,1.6140350877193,0.162264150943396,NA,NA,NA,Prolific
227,"0WHR4Us62V7_FoilAAAA,VQMq5A4l-Dm2BRnUAAAB",playerA,20:00:23,E,Round5,3/29/2019,guesser,5,1,unmatched,unmatched,nov.,0,0,1,after,253,184,151,114,1.67549668874172,1.6140350877193,0.162264150943396,NA,NA,NA,Prolific
228,"0WHR4Us62V7_FoilAAAA,VQMq5A4l-Dm2BRnUAAAB",playerA,20:09:24,E,Round8,3/29/2019,guesser,8,2,matched,unmatched,ruvo,0,0,1,after,253,184,151,114,1.67549668874172,1.6140350877193,0.162264150943396,NA,NA,NA,Prolific
229,"0WHR4Us62V7_FoilAAAA,VQMq5A4l-Dm2BRnUAAAB",playerA,20:09:24,E,Round8,3/29/2019,guesser,8,2,matched,unmatched,buvo,0,0,1,after,253,184,151,114,1.67549668874172,1.6140350877193,0.162264150943396,NA,NA,NA,Prolific
230,"0WHR4Us62V7_FoilAAAA,VQMq5A4l-Dm2BRnUAAAB",playerA,20:10:30,E,Round8,3/29/2019,guesser,8,2,matched,unmatched,nov.,0,0,1,after,253,184,151,114,1.67549668874172,1.6140350877193,0.162264150943396,NA,NA,NA,Prolific
231,"0WHR4Us62V7_FoilAAAA,VQMq5A4l-Dm2BRnUAAAB",playerA,20:10:58,E,Round8,3/29/2019,guesser,8,2,matched,unmatched,novo,0,0,1,after,253,184,151,114,1.67549668874172,1.6140350877193,0.162264150943396,NA,NA,NA,Prolific
232,"0WHR4Us62V7_FoilAAAA,VQMq5A4l-Dm2BRnUAAAB",playerA,20:11:28,E,Round8,3/29/2019,guesser,8,2,matched,unmatched,ruvo,0,0,1,after,253,184,151,114,1.67549668874172,1.6140350877193,0.162264150943396,NA,NA,NA,Prolific
233,"0WHR4Us62V7_FoilAAAA,VQMq5A4l-Dm2BRnUAAAB",playerA,20:11:57,E,Round8,3/29/2019,guesser,8,2,matched,unmatched,yuvo,0,0,1,after,253,184,151,114,1.67549668874172,1.6140350877193,0.162264150943396,NA,NA,NA,Prolific
234,"0WHR4Us62V7_FoilAAAA,VQMq5A4l-Dm2BRnUAAAB",playerA,20:12:45,E,Round8,3/29/2019,guesser,8,2,matched,unmatched,buvo,0,0,1,after,253,184,151,114,1.67549668874172,1.6140350877193,0.162264150943396,NA,NA,NA,Prolific
235,"0WHR4Us62V7_FoilAAAA,VQMq5A4l-Dm2BRnUAAAB",playerA,20:15:35,E,Round10,3/29/2019,guesser,10,2,matched,unmatched,yovo,0,0,1,after,253,184,151,114,1.67549668874172,1.6140350877193,0.162264150943396,NA,NA,NA,Prolific
236,"0WHR4Us62V7_FoilAAAA,VQMq5A4l-Dm2BRnUAAAB",playerA,20:15:35,E,Round10,3/29/2019,guesser,10,2,matched,unmatched,bluvo,0,0,1,after,253,184,151,114,1.67549668874172,1.6140350877193,0.162264150943396,NA,NA,NA,Prolific
237,"0WHR4Us62V7_FoilAAAA,VQMq5A4l-Dm2BRnUAAAB",playerA,20:16:54,E,Round10,3/29/2019,guesser,10,2,matched,unmatched,nov,0,0,1,after,253,184,151,114,1.67549668874172,1.6140350877193,0.162264150943396,NA,NA,NA,Prolific
238,"0WHR4Us62V7_FoilAAAA,VQMq5A4l-Dm2BRnUAAAB",playerA,20:16:54,E,Round10,3/29/2019,guesser,10,2,matched,unmatched,yuvo,0,0,1,after,253,184,151,114,1.67549668874172,1.6140350877193,0.162264150943396,NA,NA,NA,Prolific
239,"0WHR4Us62V7_FoilAAAA,VQMq5A4l-Dm2BRnUAAAB",playerA,20:17:09,E,Round10,3/29/2019,guesser,10,2,matched,unmatched,nov,0,0,1,after,253,184,151,114,1.67549668874172,1.6140350877193,0.162264150943396,NA,NA,NA,Prolific
240,"0WHR4Us62V7_FoilAAAA,VQMq5A4l-Dm2BRnUAAAB",playerA,20:05:44,E,Round6,3/29/2019,drawer,6,1,unmatched,unmatched,pilu?,0,1,0,after,253,184,151,114,1.67549668874172,1.6140350877193,0.162264150943396,NA,NA,NA,Prolific
241,"0WHR4Us62V7_FoilAAAA,VQMq5A4l-Dm2BRnUAAAB",playerA,20:09:24,E,Round8,3/29/2019,guesser,8,2,matched,unmatched,sepo,0,1,0,after,253,184,151,114,1.67549668874172,1.6140350877193,0.162264150943396,NA,NA,NA,Prolific
242,"0WHR4Us62V7_FoilAAAA,VQMq5A4l-Dm2BRnUAAAB",playerA,20:09:24,E,Round8,3/29/2019,guesser,8,2,matched,unmatched,pilo,0,1,0,after,253,184,151,114,1.67549668874172,1.6140350877193,0.162264150943396,NA,NA,NA,Prolific
243,"0WHR4Us62V7_FoilAAAA,VQMq5A4l-Dm2BRnUAAAB",playerA,20:10:11,E,Round8,3/29/2019,guesser,8,2,matched,unmatched,wepo,0,1,0,after,253,184,151,114,1.67549668874172,1.6140350877193,0.162264150943396,NA,NA,NA,Prolific
244,"0WHR4Us62V7_FoilAAAA,VQMq5A4l-Dm2BRnUAAAB",playerA,20:10:24,E,Round8,3/29/2019,guesser,8,2,matched,unmatched,sepo,0,1,0,after,253,184,151,114,1.67549668874172,1.6140350877193,0.162264150943396,NA,NA,NA,Prolific
245,"0WHR4Us62V7_FoilAAAA,VQMq5A4l-Dm2BRnUAAAB",playerA,20:10:38,E,Round8,3/29/2019,guesser,8,2,matched,unmatched,epo,0,1,0,after,253,184,151,114,1.67549668874172,1.6140350877193,0.162264150943396,NA,NA,NA,Prolific
246,"0WHR4Us62V7_FoilAAAA,VQMq5A4l-Dm2BRnUAAAB",playerA,20:10:53,E,Round8,3/29/2019,guesser,8,2,matched,unmatched,epo,0,1,0,after,253,184,151,114,1.67549668874172,1.6140350877193,0.162264150943396,NA,NA,NA,Prolific
247,"0WHR4Us62V7_FoilAAAA,VQMq5A4l-Dm2BRnUAAAB",playerA,20:11:03,E,Round8,3/29/2019,guesser,8,2,matched,unmatched,epo,0,1,0,after,253,184,151,114,1.67549668874172,1.6140350877193,0.162264150943396,NA,NA,NA,Prolific
248,"0WHR4Us62V7_FoilAAAA,VQMq5A4l-Dm2BRnUAAAB",playerA,20:11:19,E,Round8,3/29/2019,guesser,8,2,matched,unmatched,epo,0,1,0,after,253,184,151,114,1.67549668874172,1.6140350877193,0.162264150943396,NA,NA,NA,Prolific
249,"0WHR4Us62V7_FoilAAAA,VQMq5A4l-Dm2BRnUAAAB",playerA,20:11:19,E,Round8,3/29/2019,guesser,8,2,matched,unmatched,wowop,0,1,0,after,253,184,151,114,1.67549668874172,1.6140350877193,0.162264150943396,NA,NA,NA,Prolific
250,"0WHR4Us62V7_FoilAAAA,VQMq5A4l-Dm2BRnUAAAB",playerA,20:11:28,E,Round8,3/29/2019,guesser,8,2,matched,unmatched,wpwop,0,1,0,after,253,184,151,114,1.67549668874172,1.6140350877193,0.162264150943396,NA,NA,NA,Prolific
251,"0WHR4Us62V7_FoilAAAA,VQMq5A4l-Dm2BRnUAAAB",playerA,20:11:39,E,Round8,3/29/2019,guesser,8,2,matched,unmatched,epo,0,1,0,after,253,184,151,114,1.67549668874172,1.6140350877193,0.162264150943396,NA,NA,NA,Prolific
252,"0WHR4Us62V7_FoilAAAA,VQMq5A4l-Dm2BRnUAAAB",playerA,20:11:57,E,Round8,3/29/2019,guesser,8,2,matched,unmatched,sepo,0,1,0,after,253,184,151,114,1.67549668874172,1.6140350877193,0.162264150943396,NA,NA,NA,Prolific
253,"0WHR4Us62V7_FoilAAAA,VQMq5A4l-Dm2BRnUAAAB",playerA,20:12:10,E,Round8,3/29/2019,guesser,8,2,matched,unmatched,sepo,0,1,0,after,253,184,151,114,1.67549668874172,1.6140350877193,0.162264150943396,NA,NA,NA,Prolific
254,"0WHR4Us62V7_FoilAAAA,VQMq5A4l-Dm2BRnUAAAB",playerA,20:12:18,E,Round8,3/29/2019,guesser,8,2,matched,unmatched,sepo,0,1,0,after,253,184,151,114,1.67549668874172,1.6140350877193,0.162264150943396,NA,NA,NA,Prolific
255,"0WHR4Us62V7_FoilAAAA,VQMq5A4l-Dm2BRnUAAAB",playerA,20:12:45,E,Round8,3/29/2019,guesser,8,2,matched,unmatched,wepo,0,1,0,after,253,184,151,114,1.67549668874172,1.6140350877193,0.162264150943396,NA,NA,NA,Prolific
256,"0WHR4Us62V7_FoilAAAA,VQMq5A4l-Dm2BRnUAAAB",playerA,20:12:45,E,Round8,3/29/2019,guesser,8,2,matched,unmatched,pile!,0,1,0,after,253,184,151,114,1.67549668874172,1.6140350877193,0.162264150943396,NA,NA,NA,Prolific
257,"0WHR4Us62V7_FoilAAAA,VQMq5A4l-Dm2BRnUAAAB",playerA,20:15:35,E,Round10,3/29/2019,guesser,10,2,matched,unmatched,wowop,0,1,0,after,253,184,151,114,1.67549668874172,1.6140350877193,0.162264150943396,NA,NA,NA,Prolific
258,"0WHR4Us62V7_FoilAAAA,VQMq5A4l-Dm2BRnUAAAB",playerA,20:15:35,E,Round10,3/29/2019,guesser,10,2,matched,unmatched,wowop,0,1,0,after,253,184,151,114,1.67549668874172,1.6140350877193,0.162264150943396,NA,NA,NA,Prolific
259,"0WHR4Us62V7_FoilAAAA,VQMq5A4l-Dm2BRnUAAAB",playerA,20:15:43,E,Round10,3/29/2019,guesser,10,2,matched,unmatched,nepo,0,1,0,after,253,184,151,114,1.67549668874172,1.6140350877193,0.162264150943396,NA,NA,NA,Prolific
260,"0WHR4Us62V7_FoilAAAA,VQMq5A4l-Dm2BRnUAAAB",playerA,20:16:13,E,Round10,3/29/2019,guesser,10,2,matched,unmatched,wepo,0,1,0,after,253,184,151,114,1.67549668874172,1.6140350877193,0.162264150943396,NA,NA,NA,Prolific
261,"0WHR4Us62V7_FoilAAAA,VQMq5A4l-Dm2BRnUAAAB",playerA,20:16:19,E,Round10,3/29/2019,guesser,10,2,matched,unmatched,nepo,0,1,0,after,253,184,151,114,1.67549668874172,1.6140350877193,0.162264150943396,NA,NA,NA,Prolific
262,"0WHR4Us62V7_FoilAAAA,VQMq5A4l-Dm2BRnUAAAB",playerA,20:16:54,E,Round10,3/29/2019,guesser,10,2,matched,unmatched,epo,0,1,0,after,253,184,151,114,1.67549668874172,1.6140350877193,0.162264150943396,NA,NA,NA,Prolific
263,"0WHR4Us62V7_FoilAAAA,VQMq5A4l-Dm2BRnUAAAB",playerA,20:17:26,E,Round10,3/29/2019,guesser,10,2,matched,unmatched,sepo,0,1,0,after,253,184,151,114,1.67549668874172,1.6140350877193,0.162264150943396,NA,NA,NA,Prolific
264,"0WHR4Us62V7_FoilAAAA,VQMq5A4l-Dm2BRnUAAAB",playerA,20:17:42,E,Round10,3/29/2019,guesser,10,2,matched,unmatched,nepo,0,1,0,after,253,184,151,114,1.67549668874172,1.6140350877193,0.162264150943396,NA,NA,NA,Prolific
265,"0WHR4Us62V7_FoilAAAA,VQMq5A4l-Dm2BRnUAAAB",playerA,20:17:50,E,Round10,3/29/2019,guesser,10,2,matched,unmatched,nepo,0,1,0,after,253,184,151,114,1.67549668874172,1.6140350877193,0.162264150943396,NA,NA,NA,Prolific
266,"0WHR4Us62V7_FoilAAAA,VQMq5A4l-Dm2BRnUAAAB",playerA,20:17:59,E,Round10,3/29/2019,guesser,10,2,matched,unmatched,nepo,0,1,0,after,253,184,151,114,1.67549668874172,1.6140350877193,0.162264150943396,NA,NA,NA,Prolific
267,"0WHR4Us62V7_FoilAAAA,VQMq5A4l-Dm2BRnUAAAB",playerA,20:18:03,E,Round10,3/29/2019,guesser,10,2,matched,unmatched,wepo,0,1,0,after,253,184,151,114,1.67549668874172,1.6140350877193,0.162264150943396,NA,NA,NA,Prolific
268,"0WHR4Us62V7_FoilAAAA,VQMq5A4l-Dm2BRnUAAAB",playerA,20:18:08,E,Round10,3/29/2019,guesser,10,2,matched,unmatched,sepo,0,1,0,after,253,184,151,114,1.67549668874172,1.6140350877193,0.162264150943396,NA,NA,NA,Prolific
269,"0WHR4Us62V7_FoilAAAA,VQMq5A4l-Dm2BRnUAAAB",playerA,20:18:16,E,Round10,3/29/2019,guesser,10,2,matched,unmatched,sepo,0,1,0,after,253,184,151,114,1.67549668874172,1.6140350877193,0.162264150943396,NA,NA,NA,Prolific
270,"0WHR4Us62V7_FoilAAAA,VQMq5A4l-Dm2BRnUAAAB",playerA,20:18:22,E,Round10,3/29/2019,guesser,10,2,matched,unmatched,sepo,0,1,0,after,253,184,151,114,1.67549668874172,1.6140350877193,0.162264150943396,NA,NA,NA,Prolific
271,"0WHR4Us62V7_FoilAAAA,VQMq5A4l-Dm2BRnUAAAB",playerA,20:18:30,E,Round10,3/29/2019,guesser,10,2,matched,unmatched,epo,0,1,0,after,253,184,151,114,1.67549668874172,1.6140350877193,0.162264150943396,NA,NA,NA,Prolific
272,"0WHR4Us62V7_FoilAAAA,VQMq5A4l-Dm2BRnUAAAB",playerA,20:18:38,E,Round10,3/29/2019,guesser,10,2,matched,unmatched,epo,0,1,0,after,253,184,151,114,1.67549668874172,1.6140350877193,0.162264150943396,NA,NA,NA,Prolific
273,"0WHR4Us62V7_FoilAAAA,VQMq5A4l-Dm2BRnUAAAB",playerA,20:18:42,E,Round10,3/29/2019,guesser,10,2,matched,unmatched,sepo,0,1,0,after,253,184,151,114,1.67549668874172,1.6140350877193,0.162264150943396,NA,NA,NA,Prolific
274,"0WHR4Us62V7_FoilAAAA,VQMq5A4l-Dm2BRnUAAAB",playerA,20:19:00,E,Round10,3/29/2019,guesser,10,2,matched,unmatched,wepo,0,1,0,after,253,184,151,114,1.67549668874172,1.6140350877193,0.162264150943396,NA,NA,NA,Prolific
275,"0WHR4Us62V7_FoilAAAA,VQMq5A4l-Dm2BRnUAAAB",playerA,20:19:00,E,Round10,3/29/2019,guesser,10,2,matched,unmatched,rupo,0,1,0,after,253,184,151,114,1.67549668874172,1.6140350877193,0.162264150943396,NA,NA,NA,Prolific
276,"0WHR4Us62V7_FoilAAAA,VQMq5A4l-Dm2BRnUAAAB",playerA,20:19:19,E,Round10,3/29/2019,guesser,10,2,matched,unmatched,wepo,0,1,0,after,253,184,151,114,1.67549668874172,1.6140350877193,0.162264150943396,NA,NA,NA,Prolific
277,"0WHR4Us62V7_FoilAAAA,VQMq5A4l-Dm2BRnUAAAB",playerA,20:19:32,E,Round10,3/29/2019,guesser,10,2,matched,unmatched,nepo,0,1,0,after,253,184,151,114,1.67549668874172,1.6140350877193,0.162264150943396,NA,NA,NA,Prolific
278,"0WHR4Us62V7_FoilAAAA,VQMq5A4l-Dm2BRnUAAAB",playerA,20:22:06,E,Round12,3/29/2019,guesser,12,2,matched,unmatched,nepo.,0,1,0,after,253,184,151,114,1.67549668874172,1.6140350877193,0.162264150943396,NA,NA,NA,Prolific
279,"0WHR4Us62V7_FoilAAAA,VQMq5A4l-Dm2BRnUAAAB",playerA,20:22:06,E,Round12,3/29/2019,guesser,12,2,matched,unmatched,sepo,0,1,0,after,253,184,151,114,1.67549668874172,1.6140350877193,0.162264150943396,NA,NA,NA,Prolific
280,"0WHR4Us62V7_FoilAAAA,VQMq5A4l-Dm2BRnUAAAB",playerA,20:22:06,E,Round12,3/29/2019,guesser,12,2,matched,unmatched,rupa,0,1,0,after,253,184,151,114,1.67549668874172,1.6140350877193,0.162264150943396,NA,NA,NA,Prolific
281,"0WHR4Us62V7_FoilAAAA,VQMq5A4l-Dm2BRnUAAAB",playerA,20:15:35,E,Round10,3/29/2019,guesser,10,2,matched,unmatched,efo,1,0,0,after,253,184,151,114,1.67549668874172,1.6140350877193,0.162264150943396,NA,NA,NA,Prolific
282,"0WHR4Us62V7_FoilAAAA,VQMq5A4l-Dm2BRnUAAAB",playerA,20:22:31,E,Round12,3/29/2019,guesser,12,2,matched,unmatched,sepo,0,1,0,after,253,184,151,114,1.67549668874172,1.6140350877193,0.162264150943396,NA,NA,NA,Prolific
283,"0WHR4Us62V7_FoilAAAA,VQMq5A4l-Dm2BRnUAAAB",playerA,20:22:38,E,Round12,3/29/2019,guesser,12,2,matched,unmatched,wepo,0,1,0,after,253,184,151,114,1.67549668874172,1.6140350877193,0.162264150943396,NA,NA,NA,Prolific
284,"0WHR4Us62V7_FoilAAAA,VQMq5A4l-Dm2BRnUAAAB",playerA,20:22:43,E,Round12,3/29/2019,guesser,12,2,matched,unmatched,sepo,0,1,0,after,253,184,151,114,1.67549668874172,1.6140350877193,0.162264150943396,NA,NA,NA,Prolific
285,"0WHR4Us62V7_FoilAAAA,VQMq5A4l-Dm2BRnUAAAB",playerA,20:22:49,E,Round12,3/29/2019,guesser,12,2,matched,unmatched,epo,0,1,0,after,253,184,151,114,1.67549668874172,1.6140350877193,0.162264150943396,NA,NA,NA,Prolific
286,"0WHR4Us62V7_FoilAAAA,VQMq5A4l-Dm2BRnUAAAB",playerA,20:22:58,E,Round12,3/29/2019,guesser,12,2,matched,unmatched,nepo,0,1,0,after,253,184,151,114,1.67549668874172,1.6140350877193,0.162264150943396,NA,NA,NA,Prolific
287,"0WHR4Us62V7_FoilAAAA,VQMq5A4l-Dm2BRnUAAAB",playerA,20:23:21,E,Round12,3/29/2019,guesser,12,2,matched,unmatched,epo.,0,1,0,after,253,184,151,114,1.67549668874172,1.6140350877193,0.162264150943396,NA,NA,NA,Prolific
288,"0WHR4Us62V7_FoilAAAA,VQMq5A4l-Dm2BRnUAAAB",playerA,20:23:21,E,Round12,3/29/2019,guesser,12,2,matched,unmatched,epo.,0,1,0,after,253,184,151,114,1.67549668874172,1.6140350877193,0.162264150943396,NA,NA,NA,Prolific
289,"0WHR4Us62V7_FoilAAAA,VQMq5A4l-Dm2BRnUAAAB",playerA,20:23:21,E,Round12,3/29/2019,guesser,12,2,matched,unmatched,epo.,0,1,0,after,253,184,151,114,1.67549668874172,1.6140350877193,0.162264150943396,NA,NA,NA,Prolific
290,"0WHR4Us62V7_FoilAAAA,VQMq5A4l-Dm2BRnUAAAB",playerA,20:23:41,E,Round12,3/29/2019,guesser,12,2,matched,unmatched,supo,0,1,0,after,253,184,151,114,1.67549668874172,1.6140350877193,0.162264150943396,NA,NA,NA,Prolific
291,"0WHR4Us62V7_FoilAAAA,VQMq5A4l-Dm2BRnUAAAB",playerA,20:23:48,E,Round12,3/29/2019,guesser,12,2,matched,unmatched,eop,0,1,0,after,253,184,151,114,1.67549668874172,1.6140350877193,0.162264150943396,NA,NA,NA,Prolific
292,"0WHR4Us62V7_FoilAAAA,VQMq5A4l-Dm2BRnUAAAB",playerA,20:24:00,E,Round12,3/29/2019,guesser,12,2,matched,unmatched,nepo,0,1,0,after,253,184,151,114,1.67549668874172,1.6140350877193,0.162264150943396,NA,NA,NA,Prolific
293,"0WHR4Us62V7_FoilAAAA,VQMq5A4l-Dm2BRnUAAAB",playerA,20:24:06,E,Round12,3/29/2019,guesser,12,2,matched,unmatched,supo,0,1,0,after,253,184,151,114,1.67549668874172,1.6140350877193,0.162264150943396,NA,NA,NA,Prolific
294,"0WHR4Us62V7_FoilAAAA,VQMq5A4l-Dm2BRnUAAAB",playerA,20:26:45,E,Round15,3/29/2019,guesser,15,3,samespecies,unmatched,bupo,0,1,0,after,253,184,151,114,1.67549668874172,1.6140350877193,0.162264150943396,NA,NA,NA,Prolific
295,"0WHR4Us62V7_FoilAAAA,VQMq5A4l-Dm2BRnUAAAB",playerA,20:26:45,E,Round15,3/29/2019,guesser,15,3,samespecies,unmatched,pile,0,1,0,after,253,184,151,114,1.67549668874172,1.6140350877193,0.162264150943396,NA,NA,NA,Prolific
296,"0WHR4Us62V7_FoilAAAA,VQMq5A4l-Dm2BRnUAAAB",playerA,20:26:50,E,Round15,3/29/2019,guesser,15,3,samespecies,unmatched,weop.,0,1,0,after,253,184,151,114,1.67549668874172,1.6140350877193,0.162264150943396,NA,NA,NA,Prolific
297,"0WHR4Us62V7_FoilAAAA,VQMq5A4l-Dm2BRnUAAAB",playerA,20:27:00,E,Round15,3/29/2019,guesser,15,3,samespecies,unmatched,nepo,0,1,0,after,253,184,151,114,1.67549668874172,1.6140350877193,0.162264150943396,NA,NA,NA,Prolific
298,"0WHR4Us62V7_FoilAAAA,VQMq5A4l-Dm2BRnUAAAB",playerA,20:27:11,E,Round15,3/29/2019,guesser,15,3,samespecies,unmatched,sepo,0,1,0,after,253,184,151,114,1.67549668874172,1.6140350877193,0.162264150943396,NA,NA,NA,Prolific
299,"0WHR4Us62V7_FoilAAAA,VQMq5A4l-Dm2BRnUAAAB",playerA,20:27:21,E,Round15,3/29/2019,guesser,15,3,samespecies,unmatched,epo,0,1,0,after,253,184,151,114,1.67549668874172,1.6140350877193,0.162264150943396,NA,NA,NA,Prolific
300,"0WHR4Us62V7_FoilAAAA,VQMq5A4l-Dm2BRnUAAAB",playerA,20:27:33,E,Round15,3/29/2019,guesser,15,3,samespecies,unmatched,nepo,0,1,0,after,253,184,151,114,1.67549668874172,1.6140350877193,0.162264150943396,NA,NA,NA,Prolific
301,"0WHR4Us62V7_FoilAAAA,VQMq5A4l-Dm2BRnUAAAB",playerA,20:27:33,E,Round15,3/29/2019,guesser,15,3,samespecies,unmatched,bupo,0,1,0,after,253,184,151,114,1.67549668874172,1.6140350877193,0.162264150943396,NA,NA,NA,Prolific
302,"0WHR4Us62V7_FoilAAAA,VQMq5A4l-Dm2BRnUAAAB",playerA,20:27:33,E,Round15,3/29/2019,guesser,15,3,samespecies,unmatched,wowop,0,1,0,after,253,184,151,114,1.67549668874172,1.6140350877193,0.162264150943396,NA,NA,NA,Prolific
303,"0WHR4Us62V7_FoilAAAA,VQMq5A4l-Dm2BRnUAAAB",playerA,20:27:51,E,Round15,3/29/2019,guesser,15,3,samespecies,unmatched,wepo,0,1,0,after,253,184,151,114,1.67549668874172,1.6140350877193,0.162264150943396,NA,NA,NA,Prolific
304,"0WHR4Us62V7_FoilAAAA,VQMq5A4l-Dm2BRnUAAAB",playerA,20:27:57,E,Round15,3/29/2019,guesser,15,3,samespecies,unmatched,wepo,0,1,0,after,253,184,151,114,1.67549668874172,1.6140350877193,0.162264150943396,NA,NA,NA,Prolific
305,"0WHR4Us62V7_FoilAAAA,VQMq5A4l-Dm2BRnUAAAB",playerA,20:28:07,E,Round15,3/29/2019,guesser,15,3,samespecies,unmatched,sepo,0,1,0,after,253,184,151,114,1.67549668874172,1.6140350877193,0.162264150943396,NA,NA,NA,Prolific
306,"0WHR4Us62V7_FoilAAAA,VQMq5A4l-Dm2BRnUAAAB",playerA,20:28:23,E,Round15,3/29/2019,guesser,15,3,samespecies,unmatched,yupo,0,1,0,after,253,184,151,114,1.67549668874172,1.6140350877193,0.162264150943396,NA,NA,NA,Prolific
307,"0WHR4Us62V7_FoilAAAA,VQMq5A4l-Dm2BRnUAAAB",playerA,20:28:23,E,Round15,3/29/2019,guesser,15,3,samespecies,unmatched,pile!,0,1,0,after,253,184,151,114,1.67549668874172,1.6140350877193,0.162264150943396,NA,NA,NA,Prolific
308,"0WHR4Us62V7_FoilAAAA,VQMq5A4l-Dm2BRnUAAAB",playerA,19:23:56,E,Round1,3/29/2019,guesser,1,1,unmatched,unmatched,nopo,0,1,0,before,253,184,151,114,1.67549668874172,1.6140350877193,0.162264150943396,NA,NA,NA,Prolific
309,"0WHR4Us62V7_FoilAAAA,VQMq5A4l-Dm2BRnUAAAB",playerA,19:24:27,E,Round1,3/29/2019,guesser,1,1,unmatched,unmatched,wopo,0,1,0,before,253,184,151,114,1.67549668874172,1.6140350877193,0.162264150943396,NA,NA,NA,Prolific
310,"0WHR4Us62V7_FoilAAAA,VQMq5A4l-Dm2BRnUAAAB",playerA,19:25:44,E,Round1,3/29/2019,guesser,1,1,unmatched,unmatched,nop,0,1,0,before,253,184,151,114,1.67549668874172,1.6140350877193,0.162264150943396,NA,NA,NA,Prolific
311,"0WHR4Us62V7_FoilAAAA,VQMq5A4l-Dm2BRnUAAAB",playerA,19:25:58,E,Round1,3/29/2019,guesser,1,1,unmatched,unmatched,sopo,0,1,0,before,253,184,151,114,1.67549668874172,1.6140350877193,0.162264150943396,NA,NA,NA,Prolific
312,"0WHR4Us62V7_FoilAAAA,VQMq5A4l-Dm2BRnUAAAB",playerA,19:27:15,E,Round1,3/29/2019,guesser,1,1,unmatched,unmatched,nop,0,1,0,after,253,184,151,114,1.67549668874172,1.6140350877193,0.162264150943396,NA,NA,NA,Prolific
313,"0WHR4Us62V7_FoilAAAA,VQMq5A4l-Dm2BRnUAAAB",playerA,19:28:23,E,Round1,3/29/2019,guesser,1,1,unmatched,unmatched,sopo,0,1,0,after,253,184,151,114,1.67549668874172,1.6140350877193,0.162264150943396,NA,NA,NA,Prolific
314,"0WHR4Us62V7_FoilAAAA,VQMq5A4l-Dm2BRnUAAAB",playerA,19:30:02,E,Round1,3/29/2019,guesser,1,1,unmatched,unmatched,nop,0,1,0,after,253,184,151,114,1.67549668874172,1.6140350877193,0.162264150943396,NA,NA,NA,Prolific
315,"0WHR4Us62V7_FoilAAAA,VQMq5A4l-Dm2BRnUAAAB",playerA,19:30:15,E,Round1,3/29/2019,guesser,1,1,unmatched,unmatched,nop,0,1,0,after,253,184,151,114,1.67549668874172,1.6140350877193,0.162264150943396,NA,NA,NA,Prolific
316,"0WHR4Us62V7_FoilAAAA,VQMq5A4l-Dm2BRnUAAAB",playerA,19:31:56,E,Round1,3/29/2019,guesser,1,1,unmatched,unmatched,nop.,0,1,0,after,253,184,151,114,1.67549668874172,1.6140350877193,0.162264150943396,NA,NA,NA,Prolific
317,"0WHR4Us62V7_FoilAAAA,VQMq5A4l-Dm2BRnUAAAB",playerA,19:31:56,E,Round1,3/29/2019,guesser,1,1,unmatched,unmatched,nop.,0,1,0,after,253,184,151,114,1.67549668874172,1.6140350877193,0.162264150943396,NA,NA,NA,Prolific
318,"0WHR4Us62V7_FoilAAAA,VQMq5A4l-Dm2BRnUAAAB",playerA,19:34:46,E,Round1,3/29/2019,guesser,1,1,unmatched,unmatched,pile,0,1,0,after,253,184,151,114,1.67549668874172,1.6140350877193,0.162264150943396,NA,NA,NA,Prolific
319,"0WHR4Us62V7_FoilAAAA,VQMq5A4l-Dm2BRnUAAAB",playerA,19:37:37,E,Round1,3/29/2019,guesser,1,1,unmatched,unmatched,pile,0,1,0,after,253,184,151,114,1.67549668874172,1.6140350877193,0.162264150943396,NA,NA,NA,Prolific
320,"0WHR4Us62V7_FoilAAAA,VQMq5A4l-Dm2BRnUAAAB",playerA,19:38:37,E,Round1,3/29/2019,guesser,1,1,unmatched,unmatched,pile,0,1,0,after,253,184,151,114,1.67549668874172,1.6140350877193,0.162264150943396,NA,NA,NA,Prolific
321,"0WHR4Us62V7_FoilAAAA,VQMq5A4l-Dm2BRnUAAAB",playerA,19:39:26,E,Round1,3/29/2019,guesser,1,1,unmatched,unmatched,pile!!!,0,1,0,after,253,184,151,114,1.67549668874172,1.6140350877193,0.162264150943396,NA,NA,NA,Prolific
322,"0WHR4Us62V7_FoilAAAA,VQMq5A4l-Dm2BRnUAAAB",playerA,19:50:16,E,Round3,3/29/2019,guesser,3,1,unmatched,unmatched,epo.,0,1,0,after,253,184,151,114,1.67549668874172,1.6140350877193,0.162264150943396,NA,NA,NA,Prolific
323,"0WHR4Us62V7_FoilAAAA,VQMq5A4l-Dm2BRnUAAAB",playerA,19:50:16,E,Round3,3/29/2019,guesser,3,1,unmatched,unmatched,bupo,0,1,0,after,253,184,151,114,1.67549668874172,1.6140350877193,0.162264150943396,NA,NA,NA,Prolific
324,"0WHR4Us62V7_FoilAAAA,VQMq5A4l-Dm2BRnUAAAB",playerA,19:50:16,E,Round3,3/29/2019,guesser,3,1,unmatched,unmatched,wowpow.,0,1,0,after,253,184,151,114,1.67549668874172,1.6140350877193,0.162264150943396,NA,NA,NA,Prolific
325,"0WHR4Us62V7_FoilAAAA,VQMq5A4l-Dm2BRnUAAAB",playerA,19:51:14,E,Round3,3/29/2019,guesser,3,1,unmatched,unmatched,nop.,0,1,0,after,253,184,151,114,1.67549668874172,1.6140350877193,0.162264150943396,NA,NA,NA,Prolific
326,"0WHR4Us62V7_FoilAAAA,VQMq5A4l-Dm2BRnUAAAB",playerA,19:51:14,E,Round3,3/29/2019,guesser,3,1,unmatched,unmatched,eop,0,1,0,after,253,184,151,114,1.67549668874172,1.6140350877193,0.162264150943396,NA,NA,NA,Prolific
327,"0WHR4Us62V7_FoilAAAA,VQMq5A4l-Dm2BRnUAAAB",playerA,19:51:14,E,Round3,3/29/2019,guesser,3,1,unmatched,unmatched,nop.,0,1,0,after,253,184,151,114,1.67549668874172,1.6140350877193,0.162264150943396,NA,NA,NA,Prolific
328,"0WHR4Us62V7_FoilAAAA,VQMq5A4l-Dm2BRnUAAAB",playerA,19:51:14,E,Round3,3/29/2019,guesser,3,1,unmatched,unmatched,rupo,0,1,0,after,253,184,151,114,1.67549668874172,1.6140350877193,0.162264150943396,NA,NA,NA,Prolific
329,"0WHR4Us62V7_FoilAAAA,VQMq5A4l-Dm2BRnUAAAB",playerA,19:51:14,E,Round3,3/29/2019,guesser,3,1,unmatched,unmatched,wowpow.,0,1,0,after,253,184,151,114,1.67549668874172,1.6140350877193,0.162264150943396,NA,NA,NA,Prolific
330,"0WHR4Us62V7_FoilAAAA,VQMq5A4l-Dm2BRnUAAAB",playerA,19:52:22,E,Round3,3/29/2019,guesser,3,1,unmatched,unmatched,epo,0,1,0,after,253,184,151,114,1.67549668874172,1.6140350877193,0.162264150943396,NA,NA,NA,Prolific
331,"0WHR4Us62V7_FoilAAAA,VQMq5A4l-Dm2BRnUAAAB",playerA,19:52:22,E,Round3,3/29/2019,guesser,3,1,unmatched,unmatched,wepo.,0,1,0,after,253,184,151,114,1.67549668874172,1.6140350877193,0.162264150943396,NA,NA,NA,Prolific
332,"0WHR4Us62V7_FoilAAAA,VQMq5A4l-Dm2BRnUAAAB",playerA,19:52:22,E,Round3,3/29/2019,guesser,3,1,unmatched,unmatched,bupo,0,1,0,after,253,184,151,114,1.67549668874172,1.6140350877193,0.162264150943396,NA,NA,NA,Prolific
333,"0WHR4Us62V7_FoilAAAA,VQMq5A4l-Dm2BRnUAAAB",playerA,19:53:18,E,Round3,3/29/2019,guesser,3,1,unmatched,unmatched,eop,0,1,0,after,253,184,151,114,1.67549668874172,1.6140350877193,0.162264150943396,NA,NA,NA,Prolific
334,"0WHR4Us62V7_FoilAAAA,VQMq5A4l-Dm2BRnUAAAB",playerA,19:53:18,E,Round3,3/29/2019,guesser,3,1,unmatched,unmatched,supo.,0,1,0,after,253,184,151,114,1.67549668874172,1.6140350877193,0.162264150943396,NA,NA,NA,Prolific
335,"0WHR4Us62V7_FoilAAAA,VQMq5A4l-Dm2BRnUAAAB",playerA,19:53:18,E,Round3,3/29/2019,guesser,3,1,unmatched,unmatched,rupo,0,1,0,after,253,184,151,114,1.67549668874172,1.6140350877193,0.162264150943396,NA,NA,NA,Prolific
336,"0WHR4Us62V7_FoilAAAA,VQMq5A4l-Dm2BRnUAAAB",playerA,19:58:31,E,Round5,3/29/2019,guesser,5,1,unmatched,unmatched,nopo,0,1,0,after,253,184,151,114,1.67549668874172,1.6140350877193,0.162264150943396,NA,NA,NA,Prolific
337,"0WHR4Us62V7_FoilAAAA,VQMq5A4l-Dm2BRnUAAAB",playerA,19:58:31,E,Round5,3/29/2019,guesser,5,1,unmatched,unmatched,rupo,0,1,0,after,253,184,151,114,1.67549668874172,1.6140350877193,0.162264150943396,NA,NA,NA,Prolific
338,"0WHR4Us62V7_FoilAAAA,VQMq5A4l-Dm2BRnUAAAB",playerA,19:58:31,E,Round5,3/29/2019,guesser,5,1,unmatched,unmatched,wowop.,0,1,0,after,253,184,151,114,1.67549668874172,1.6140350877193,0.162264150943396,NA,NA,NA,Prolific
339,"0WHR4Us62V7_FoilAAAA,VQMq5A4l-Dm2BRnUAAAB",playerA,19:58:31,E,Round5,3/29/2019,guesser,5,1,unmatched,unmatched,sopo,0,1,0,after,253,184,151,114,1.67549668874172,1.6140350877193,0.162264150943396,NA,NA,NA,Prolific
340,"0WHR4Us62V7_FoilAAAA,VQMq5A4l-Dm2BRnUAAAB",playerA,19:58:31,E,Round5,3/29/2019,guesser,5,1,unmatched,unmatched,yupo,0,1,0,after,253,184,151,114,1.67549668874172,1.6140350877193,0.162264150943396,NA,NA,NA,Prolific
341,"0WHR4Us62V7_FoilAAAA,VQMq5A4l-Dm2BRnUAAAB",playerA,19:58:31,E,Round5,3/29/2019,guesser,5,1,unmatched,unmatched,lewop.,0,1,0,after,253,184,151,114,1.67549668874172,1.6140350877193,0.162264150943396,NA,NA,NA,Prolific
342,"0WHR4Us62V7_FoilAAAA,VQMq5A4l-Dm2BRnUAAAB",playerA,19:59:27,E,Round5,3/29/2019,guesser,5,1,unmatched,unmatched,wepo,0,1,0,after,253,184,151,114,1.67549668874172,1.6140350877193,0.162264150943396,NA,NA,NA,Prolific
343,"0WHR4Us62V7_FoilAAAA,VQMq5A4l-Dm2BRnUAAAB",playerA,19:59:27,E,Round5,3/29/2019,guesser,5,1,unmatched,unmatched,bupo,0,1,0,after,253,184,151,114,1.67549668874172,1.6140350877193,0.162264150943396,NA,NA,NA,Prolific
344,"0WHR4Us62V7_FoilAAAA,VQMq5A4l-Dm2BRnUAAAB",playerA,19:59:27,E,Round5,3/29/2019,guesser,5,1,unmatched,unmatched,wowop.,0,1,0,after,253,184,151,114,1.67549668874172,1.6140350877193,0.162264150943396,NA,NA,NA,Prolific
345,"0WHR4Us62V7_FoilAAAA,VQMq5A4l-Dm2BRnUAAAB",playerA,20:00:10,E,Round5,3/29/2019,guesser,5,1,unmatched,unmatched,epo.,0,1,0,after,253,184,151,114,1.67549668874172,1.6140350877193,0.162264150943396,NA,NA,NA,Prolific
346,"0WHR4Us62V7_FoilAAAA,VQMq5A4l-Dm2BRnUAAAB",playerA,20:00:23,E,Round5,3/29/2019,guesser,5,1,unmatched,unmatched,epo.,0,1,0,after,253,184,151,114,1.67549668874172,1.6140350877193,0.162264150943396,NA,NA,NA,Prolific
347,"0WHR4Us62V7_FoilAAAA,VQMq5A4l-Dm2BRnUAAAB",playerA,20:01:14,E,Round5,3/29/2019,guesser,5,1,unmatched,unmatched,wepo,0,1,0,after,253,184,151,114,1.67549668874172,1.6140350877193,0.162264150943396,NA,NA,NA,Prolific
348,"0WHR4Us62V7_FoilAAAA,VQMq5A4l-Dm2BRnUAAAB",playerA,20:01:30,E,Round5,3/29/2019,guesser,5,1,unmatched,unmatched,sepo,0,1,0,after,253,184,151,114,1.67549668874172,1.6140350877193,0.162264150943396,NA,NA,NA,Prolific
349,"0WHR4Us62V7_FoilAAAA,VQMq5A4l-Dm2BRnUAAAB",playerA,20:02:06,E,Round5,3/29/2019,guesser,5,1,unmatched,unmatched,eop,0,1,0,after,253,184,151,114,1.67549668874172,1.6140350877193,0.162264150943396,NA,NA,NA,Prolific
350,"0WHR4Us62V7_FoilAAAA,VQMq5A4l-Dm2BRnUAAAB",playerA,20:02:06,E,Round5,3/29/2019,guesser,5,1,unmatched,unmatched,bupoe,0,1,0,after,253,184,151,114,1.67549668874172,1.6140350877193,0.162264150943396,NA,NA,NA,Prolific
351,"0WHR4Us62V7_FoilAAAA,VQMq5A4l-Dm2BRnUAAAB",playerA,20:02:06,E,Round5,3/29/2019,guesser,5,1,unmatched,unmatched,pile!,0,1,0,after,253,184,151,114,1.67549668874172,1.6140350877193,0.162264150943396,NA,NA,NA,Prolific
352,"0WHR4Us62V7_FoilAAAA,VQMq5A4l-Dm2BRnUAAAB",playerA,20:02:32,E,Round5,3/29/2019,guesser,5,1,unmatched,unmatched,sepo,0,1,0,after,253,184,151,114,1.67549668874172,1.6140350877193,0.162264150943396,NA,NA,NA,Prolific
353,"0WHR4Us62V7_FoilAAAA,VQMq5A4l-Dm2BRnUAAAB",playerA,20:02:55,E,Round5,3/29/2019,guesser,5,1,unmatched,unmatched,wepo,0,1,0,after,253,184,151,114,1.67549668874172,1.6140350877193,0.162264150943396,NA,NA,NA,Prolific
354,"0WHR4Us62V7_FoilAAAA,VQMq5A4l-Dm2BRnUAAAB",playerA,20:02:55,E,Round5,3/29/2019,guesser,5,1,unmatched,unmatched,rupo,0,1,0,after,253,184,151,114,1.67549668874172,1.6140350877193,0.162264150943396,NA,NA,NA,Prolific
355,"0WHR4Us62V7_FoilAAAA,VQMq5A4l-Dm2BRnUAAAB",playerA,20:02:55,E,Round5,3/29/2019,guesser,5,1,unmatched,unmatched,lowop,0,1,0,after,253,184,151,114,1.67549668874172,1.6140350877193,0.162264150943396,NA,NA,NA,Prolific
356,"0WHR4Us62V7_FoilAAAA,VQMq5A4l-Dm2BRnUAAAB",playerA,20:03:08,E,Round5,3/29/2019,guesser,5,1,unmatched,unmatched,wepo,0,1,0,after,253,184,151,114,1.67549668874172,1.6140350877193,0.162264150943396,NA,NA,NA,Prolific
357,"0WHR4Us62V7_FoilAAAA,VQMq5A4l-Dm2BRnUAAAB",playerA,20:03:18,E,Round5,3/29/2019,guesser,5,1,unmatched,unmatched,wepo,0,1,0,after,253,184,151,114,1.67549668874172,1.6140350877193,0.162264150943396,NA,NA,NA,Prolific
358,"0WHR4Us62V7_FoilAAAA,VQMq5A4l-Dm2BRnUAAAB",playerA,20:03:43,E,Round5,3/29/2019,guesser,5,1,unmatched,unmatched,nepo,0,1,0,after,253,184,151,114,1.67549668874172,1.6140350877193,0.162264150943396,NA,NA,NA,Prolific
359,"0WHR4Us62V7_FoilAAAA,VQMq5A4l-Dm2BRnUAAAB",playerA,20:03:43,E,Round5,3/29/2019,guesser,5,1,unmatched,unmatched,yupo,0,1,0,after,253,184,151,114,1.67549668874172,1.6140350877193,0.162264150943396,NA,NA,NA,Prolific
360,"0WHR4Us62V7_FoilAAAA,VQMq5A4l-Dm2BRnUAAAB",playerA,20:03:43,E,Round5,3/29/2019,guesser,5,1,unmatched,unmatched,wowop,0,1,0,after,253,184,151,114,1.67549668874172,1.6140350877193,0.162264150943396,NA,NA,NA,Prolific
361,"0WHR4Us62V7_FoilAAAA,VQMq5A4l-Dm2BRnUAAAB",playerA,20:33:41,E,Round19,3/29/2019,guesser,19,3,samespecies,unmatched,wepo,0,1,0,after,253,184,151,114,1.67549668874172,1.6140350877193,0.162264150943396,NA,NA,NA,Prolific
362,"0WHR4Us62V7_FoilAAAA,VQMq5A4l-Dm2BRnUAAAB",playerA,20:22:06,E,Round12,3/29/2019,guesser,12,2,matched,unmatched,pilu.,0,1,0,after,253,184,151,114,1.67549668874172,1.6140350877193,0.162264150943396,NA,NA,NA,Prolific
363,"0WHR4Us62V7_FoilAAAA,VQMq5A4l-Dm2BRnUAAAB",playerA,20:30:15,E,Round17,3/29/2019,guesser,17,3,samespecies,unmatched,rupa,0,1,0,after,253,184,151,114,1.67549668874172,1.6140350877193,0.162264150943396,NA,NA,NA,Prolific
364,"0WHR4Us62V7_FoilAAAA,VQMq5A4l-Dm2BRnUAAAB",playerA,20:30:21,E,Round17,3/29/2019,guesser,17,3,samespecies,unmatched,nepo,0,1,0,after,253,184,151,114,1.67549668874172,1.6140350877193,0.162264150943396,NA,NA,NA,Prolific
365,"0WHR4Us62V7_FoilAAAA,VQMq5A4l-Dm2BRnUAAAB",playerA,20:32:52,E,Round19,3/29/2019,guesser,19,3,samespecies,unmatched,epo,0,1,0,after,253,184,151,114,1.67549668874172,1.6140350877193,0.162264150943396,NA,NA,NA,Prolific
366,"0WHR4Us62V7_FoilAAAA,VQMq5A4l-Dm2BRnUAAAB",playerA,20:33:00,E,Round19,3/29/2019,guesser,19,3,samespecies,unmatched,sepo,0,1,0,after,253,184,151,114,1.67549668874172,1.6140350877193,0.162264150943396,NA,NA,NA,Prolific
367,"0WHR4Us62V7_FoilAAAA,VQMq5A4l-Dm2BRnUAAAB",playerA,20:33:05,E,Round19,3/29/2019,guesser,19,3,samespecies,unmatched,sepo,0,1,0,after,253,184,151,114,1.67549668874172,1.6140350877193,0.162264150943396,NA,NA,NA,Prolific
368,"0WHR4Us62V7_FoilAAAA,VQMq5A4l-Dm2BRnUAAAB",playerA,20:33:13,E,Round19,3/29/2019,guesser,19,3,samespecies,unmatched,nepo,0,1,0,after,253,184,151,114,1.67549668874172,1.6140350877193,0.162264150943396,NA,NA,NA,Prolific
369,"0WHR4Us62V7_FoilAAAA,VQMq5A4l-Dm2BRnUAAAB",playerA,20:33:19,E,Round19,3/29/2019,guesser,19,3,samespecies,unmatched,epo,0,1,0,after,253,184,151,114,1.67549668874172,1.6140350877193,0.162264150943396,NA,NA,NA,Prolific
370,"0WHR4Us62V7_FoilAAAA,VQMq5A4l-Dm2BRnUAAAB",playerA,20:33:27,E,Round19,3/29/2019,guesser,19,3,samespecies,unmatched,wepo,0,1,0,after,253,184,151,114,1.67549668874172,1.6140350877193,0.162264150943396,NA,NA,NA,Prolific
371,"0WHR4Us62V7_FoilAAAA,VQMq5A4l-Dm2BRnUAAAB",playerA,20:33:34,E,Round19,3/29/2019,guesser,19,3,samespecies,unmatched,sepo,0,1,0,after,253,184,151,114,1.67549668874172,1.6140350877193,0.162264150943396,NA,NA,NA,Prolific
372,"0WHR4Us62V7_FoilAAAA,VQMq5A4l-Dm2BRnUAAAB",playerA,20:33:34,E,Round19,3/29/2019,guesser,19,3,samespecies,unmatched,bupo,0,1,0,after,253,184,151,114,1.67549668874172,1.6140350877193,0.162264150943396,NA,NA,NA,Prolific
373,"0WHR4Us62V7_FoilAAAA,VQMq5A4l-Dm2BRnUAAAB",playerA,20:33:34,E,Round19,3/29/2019,guesser,19,3,samespecies,unmatched,pile,0,1,0,after,253,184,151,114,1.67549668874172,1.6140350877193,0.162264150943396,NA,NA,NA,Prolific
374,"0WHR4Us62V7_FoilAAAA,VQMq5A4l-Dm2BRnUAAAB",playerA,20:30:27,E,Round17,3/29/2019,guesser,17,3,samespecies,unmatched,wepo,0,1,0,after,253,184,151,114,1.67549668874172,1.6140350877193,0.162264150943396,NA,NA,NA,Prolific
375,"0WHR4Us62V7_FoilAAAA,VQMq5A4l-Dm2BRnUAAAB",playerA,20:33:47,E,Round19,3/29/2019,guesser,19,3,samespecies,unmatched,wepo,0,1,0,after,253,184,151,114,1.67549668874172,1.6140350877193,0.162264150943396,NA,NA,NA,Prolific
376,"0WHR4Us62V7_FoilAAAA,VQMq5A4l-Dm2BRnUAAAB",playerA,20:30:48,E,Round17,3/29/2019,guesser,17,3,samespecies,unmatched,wepo.,0,1,0,after,253,184,151,114,1.67549668874172,1.6140350877193,0.162264150943396,NA,NA,NA,Prolific
377,"0WHR4Us62V7_FoilAAAA,VQMq5A4l-Dm2BRnUAAAB",playerA,20:30:48,E,Round17,3/29/2019,guesser,17,3,samespecies,unmatched,nope,0,1,0,after,253,184,151,114,1.67549668874172,1.6140350877193,0.162264150943396,NA,NA,NA,Prolific
378,"0WHR4Us62V7_FoilAAAA,VQMq5A4l-Dm2BRnUAAAB",playerA,20:30:48,E,Round17,3/29/2019,guesser,17,3,samespecies,unmatched,pile,0,1,0,after,253,184,151,114,1.67549668874172,1.6140350877193,0.162264150943396,NA,NA,NA,Prolific
379,"0WHR4Us62V7_FoilAAAA,VQMq5A4l-Dm2BRnUAAAB",playerA,20:30:35,E,Round17,3/29/2019,guesser,17,3,samespecies,unmatched,wepo,0,1,0,after,253,184,151,114,1.67549668874172,1.6140350877193,0.162264150943396,NA,NA,NA,Prolific
380,"0WHR4Us62V7_FoilAAAA,VQMq5A4l-Dm2BRnUAAAB",playerB,20:34:20,E,Round20,3/29/2019,guesser,20,3,samespecies,unmatched,wefo,1,0,0,after,253,184,151,114,1.67549668874172,1.6140350877193,0.162264150943396,NA,NA,NA,Prolific
381,"0WHR4Us62V7_FoilAAAA,VQMq5A4l-Dm2BRnUAAAB",playerB,20:21:15,E,Round11,3/29/2019,guesser,11,2,matched,unmatched,sefo,1,0,0,after,253,184,151,114,1.67549668874172,1.6140350877193,0.162264150943396,NA,NA,NA,Prolific
382,"0WHR4Us62V7_FoilAAAA,VQMq5A4l-Dm2BRnUAAAB",playerB,20:34:31,E,Round20,3/29/2019,guesser,20,3,samespecies,unmatched,sefo,1,0,0,after,253,184,151,114,1.67549668874172,1.6140350877193,0.162264150943396,NA,NA,NA,Prolific
383,"0WHR4Us62V7_FoilAAAA,VQMq5A4l-Dm2BRnUAAAB",playerB,20:06:08,E,Round6,3/29/2019,guesser,6,1,unmatched,unmatched,pilu,0,1,0,after,253,184,151,114,1.67549668874172,1.6140350877193,0.162264150943396,NA,NA,NA,Prolific
384,"0WHR4Us62V7_FoilAAAA,VQMq5A4l-Dm2BRnUAAAB",playerB,19:56:20,E,Round4,3/29/2019,guesser,4,1,unmatched,unmatched,wefo,1,0,0,after,253,184,151,114,1.67549668874172,1.6140350877193,0.162264150943396,NA,NA,NA,Prolific
385,"0WHR4Us62V7_FoilAAAA,VQMq5A4l-Dm2BRnUAAAB",playerB,19:56:20,E,Round4,3/29/2019,guesser,4,1,unmatched,unmatched,blufa,1,0,0,after,253,184,151,114,1.67549668874172,1.6140350877193,0.162264150943396,NA,NA,NA,Prolific
386,"0WHR4Us62V7_FoilAAAA,VQMq5A4l-Dm2BRnUAAAB",playerB,20:20:45,E,Round11,3/29/2019,guesser,11,2,matched,unmatched,wefo!!,1,0,0,after,253,184,151,114,1.67549668874172,1.6140350877193,0.162264150943396,NA,NA,NA,Prolific
387,"0WHR4Us62V7_FoilAAAA,VQMq5A4l-Dm2BRnUAAAB",playerB,19:56:45,E,Round4,3/29/2019,guesser,4,1,unmatched,unmatched,sefo,1,0,0,after,253,184,151,114,1.67549668874172,1.6140350877193,0.162264150943396,NA,NA,NA,Prolific
388,"0WHR4Us62V7_FoilAAAA,VQMq5A4l-Dm2BRnUAAAB",playerB,20:21:00,E,Round11,3/29/2019,guesser,11,2,matched,unmatched,wefo,1,0,0,after,253,184,151,114,1.67549668874172,1.6140350877193,0.162264150943396,NA,NA,NA,Prolific
389,"0WHR4Us62V7_FoilAAAA,VQMq5A4l-Dm2BRnUAAAB",playerB,20:32:19,E,Round18,3/29/2019,guesser,18,3,samespecies,unmatched,wefo,1,0,0,after,253,184,151,114,1.67549668874172,1.6140350877193,0.162264150943396,NA,NA,NA,Prolific
390,"0WHR4Us62V7_FoilAAAA,VQMq5A4l-Dm2BRnUAAAB",playerB,20:32:23,E,Round18,3/29/2019,guesser,18,3,samespecies,unmatched,wefo,1,0,0,after,253,184,151,114,1.67549668874172,1.6140350877193,0.162264150943396,NA,NA,NA,Prolific
391,"0WHR4Us62V7_FoilAAAA,VQMq5A4l-Dm2BRnUAAAB",playerB,20:20:36,E,Round11,3/29/2019,guesser,11,2,matched,unmatched,wefo,1,0,0,after,253,184,151,114,1.67549668874172,1.6140350877193,0.162264150943396,NA,NA,NA,Prolific
392,"0WHR4Us62V7_FoilAAAA,VQMq5A4l-Dm2BRnUAAAB",playerB,20:20:23,E,Round11,3/29/2019,guesser,11,2,matched,unmatched,wefo,1,0,0,after,253,184,151,114,1.67549668874172,1.6140350877193,0.162264150943396,NA,NA,NA,Prolific
393,"0WHR4Us62V7_FoilAAAA,VQMq5A4l-Dm2BRnUAAAB",playerB,20:20:56,E,Round11,3/29/2019,guesser,11,2,matched,unmatched,nefo,1,0,0,after,253,184,151,114,1.67549668874172,1.6140350877193,0.162264150943396,NA,NA,NA,Prolific
394,"0WHR4Us62V7_FoilAAAA,VQMq5A4l-Dm2BRnUAAAB",playerB,19:47:11,E,Round2,3/29/2019,guesser,2,1,unmatched,unmatched,wuwof!,1,0,0,after,253,184,151,114,1.67549668874172,1.6140350877193,0.162264150943396,NA,NA,NA,Prolific
395,"0WHR4Us62V7_FoilAAAA,VQMq5A4l-Dm2BRnUAAAB",playerB,20:35:18,E,Round20,3/29/2019,guesser,20,3,samespecies,unmatched,nefo,1,0,0,after,253,184,151,114,1.67549668874172,1.6140350877193,0.162264150943396,NA,NA,NA,Prolific
396,"0WHR4Us62V7_FoilAAAA,VQMq5A4l-Dm2BRnUAAAB",playerB,20:34:07,E,Round20,3/29/2019,guesser,20,3,samespecies,unmatched,sefo-wefo.,1,0,0,after,253,184,151,114,1.67549668874172,1.6140350877193,0.162264150943396,NA,NA,NA,Prolific
397,"0WHR4Us62V7_FoilAAAA,VQMq5A4l-Dm2BRnUAAAB",playerB,20:34:42,E,Round20,3/29/2019,guesser,20,3,samespecies,unmatched,sefo,1,0,0,after,253,184,151,114,1.67549668874172,1.6140350877193,0.162264150943396,NA,NA,NA,Prolific
398,"0WHR4Us62V7_FoilAAAA,VQMq5A4l-Dm2BRnUAAAB",playerB,20:35:14,E,Round20,3/29/2019,guesser,20,3,samespecies,unmatched,nefo,1,0,0,after,253,184,151,114,1.67549668874172,1.6140350877193,0.162264150943396,NA,NA,NA,Prolific
399,"0WHR4Us62V7_FoilAAAA,VQMq5A4l-Dm2BRnUAAAB",playerB,20:21:15,E,Round11,3/29/2019,guesser,11,2,matched,unmatched,lifu,1,0,0,after,253,184,151,114,1.67549668874172,1.6140350877193,0.162264150943396,NA,NA,NA,Prolific
400,"0WHR4Us62V7_FoilAAAA,VQMq5A4l-Dm2BRnUAAAB",playerB,20:14:47,E,Round9,3/29/2019,guesser,9,2,matched,unmatched,wuwof,1,0,0,after,253,184,151,114,1.67549668874172,1.6140350877193,0.162264150943396,NA,NA,NA,Prolific
401,"0WHR4Us62V7_FoilAAAA,VQMq5A4l-Dm2BRnUAAAB",playerB,19:40:33,E,Round1,3/29/2019,drawer,1,1,unmatched,unmatched,pile?,0,1,0,after,253,184,151,114,1.67549668874172,1.6140350877193,0.162264150943396,NA,NA,NA,Prolific
402,"0WHR4Us62V7_FoilAAAA,VQMq5A4l-Dm2BRnUAAAB",playerB,20:32:16,E,Round18,3/29/2019,guesser,18,3,samespecies,unmatched,sefo,1,0,0,after,253,184,151,114,1.67549668874172,1.6140350877193,0.162264150943396,NA,NA,NA,Prolific
403,"0WHR4Us62V7_FoilAAAA,VQMq5A4l-Dm2BRnUAAAB",playerB,20:20:31,E,Round11,3/29/2019,guesser,11,2,matched,unmatched,sefo,1,0,0,after,253,184,151,114,1.67549668874172,1.6140350877193,0.162264150943396,NA,NA,NA,Prolific
404,"0WHR4Us62V7_FoilAAAA,VQMq5A4l-Dm2BRnUAAAB",playerB,19:46:15,E,Round2,3/29/2019,guesser,2,1,unmatched,unmatched,blufa,1,0,0,after,253,184,151,114,1.67549668874172,1.6140350877193,0.162264150943396,NA,NA,NA,Prolific
405,"0WHR4Us62V7_FoilAAAA,VQMq5A4l-Dm2BRnUAAAB",playerB,19:46:15,E,Round2,3/29/2019,guesser,2,1,unmatched,unmatched,wuwof,1,0,0,after,253,184,151,114,1.67549668874172,1.6140350877193,0.162264150943396,NA,NA,NA,Prolific
406,"0WHR4Us62V7_FoilAAAA,VQMq5A4l-Dm2BRnUAAAB",playerB,19:26:29,E,Round1,3/29/2019,drawer,1,1,unmatched,unmatched,blufa?,1,0,0,after,253,184,151,114,1.67549668874172,1.6140350877193,0.162264150943396,NA,NA,NA,Prolific
407,"0WHR4Us62V7_FoilAAAA,VQMq5A4l-Dm2BRnUAAAB",playerB,19:46:15,E,Round2,3/29/2019,guesser,2,1,unmatched,unmatched,ufo,1,0,0,after,253,184,151,114,1.67549668874172,1.6140350877193,0.162264150943396,NA,NA,NA,Prolific
408,"0WHR4Us62V7_FoilAAAA,VQMq5A4l-Dm2BRnUAAAB",playerB,19:46:55,E,Round2,3/29/2019,guesser,2,1,unmatched,unmatched,wuwof,1,0,0,after,253,184,151,114,1.67549668874172,1.6140350877193,0.162264150943396,NA,NA,NA,Prolific
409,"0WHR4Us62V7_FoilAAAA,VQMq5A4l-Dm2BRnUAAAB",playerB,20:29:46,E,Round16,3/29/2019,guesser,16,3,samespecies,unmatched,efo,1,0,0,after,253,184,151,114,1.67549668874172,1.6140350877193,0.162264150943396,NA,NA,NA,Prolific
410,"0WHR4Us62V7_FoilAAAA,VQMq5A4l-Dm2BRnUAAAB",playerB,19:47:52,E,Round2,3/29/2019,guesser,2,1,unmatched,unmatched,yufa,1,0,0,after,253,184,151,114,1.67549668874172,1.6140350877193,0.162264150943396,NA,NA,NA,Prolific
411,"0WHR4Us62V7_FoilAAAA,VQMq5A4l-Dm2BRnUAAAB",playerB,20:21:15,E,Round11,3/29/2019,guesser,11,2,matched,unmatched,yufa,1,0,0,after,253,184,151,114,1.67549668874172,1.6140350877193,0.162264150943396,NA,NA,NA,Prolific
412,"0WHR4Us62V7_FoilAAAA,VQMq5A4l-Dm2BRnUAAAB",playerB,19:30:57,E,Round1,3/29/2019,drawer,1,1,unmatched,unmatched,nopo???,0,1,0,after,253,184,151,114,1.67549668874172,1.6140350877193,0.162264150943396,NA,NA,NA,Prolific
413,"0WHR4Us62V7_FoilAAAA,VQMq5A4l-Dm2BRnUAAAB",playerB,20:35:01,E,Round20,3/29/2019,guesser,20,3,samespecies,unmatched,nefo,1,0,0,after,253,184,151,114,1.67549668874172,1.6140350877193,0.162264150943396,NA,NA,NA,Prolific
414,"0WHR4Us62V7_FoilAAAA,VQMq5A4l-Dm2BRnUAAAB",playerB,20:32:09,E,Round18,3/29/2019,guesser,18,3,samespecies,unmatched,sefo,1,0,0,after,253,184,151,114,1.67549668874172,1.6140350877193,0.162264150943396,NA,NA,NA,Prolific
415,"0WHR4Us62V7_FoilAAAA,VQMq5A4l-Dm2BRnUAAAB",playerB,20:35:06,E,Round20,3/29/2019,guesser,20,3,samespecies,unmatched,nefo,1,0,0,after,253,184,151,114,1.67549668874172,1.6140350877193,0.162264150943396,NA,NA,NA,Prolific
416,"0WHR4Us62V7_FoilAAAA,VQMq5A4l-Dm2BRnUAAAB",playerB,19:55:15,E,Round4,3/29/2019,guesser,4,1,unmatched,unmatched,rufa,1,0,0,after,253,184,151,114,1.67549668874172,1.6140350877193,0.162264150943396,NA,NA,NA,Prolific
417,"0WHR4Us62V7_FoilAAAA,VQMq5A4l-Dm2BRnUAAAB",playerB,19:55:15,E,Round4,3/29/2019,guesser,4,1,unmatched,unmatched,wuwof,1,0,0,after,253,184,151,114,1.67549668874172,1.6140350877193,0.162264150943396,NA,NA,NA,Prolific
418,"0WHR4Us62V7_FoilAAAA,VQMq5A4l-Dm2BRnUAAAB",playerB,19:55:47,E,Round4,3/29/2019,guesser,4,1,unmatched,unmatched,rufa,1,0,0,after,253,184,151,114,1.67549668874172,1.6140350877193,0.162264150943396,NA,NA,NA,Prolific
419,"0WHR4Us62V7_FoilAAAA,VQMq5A4l-Dm2BRnUAAAB",playerB,19:46:55,E,Round2,3/29/2019,guesser,2,1,unmatched,unmatched,nefo,1,0,0,after,253,184,151,114,1.67549668874172,1.6140350877193,0.162264150943396,NA,NA,NA,Prolific
420,"0WHR4Us62V7_FoilAAAA,VQMq5A4l-Dm2BRnUAAAB",playerB,19:46:55,E,Round2,3/29/2019,guesser,2,1,unmatched,unmatched,blufa,1,0,0,after,253,184,151,114,1.67549668874172,1.6140350877193,0.162264150943396,NA,NA,NA,Prolific
421,"0WHR4Us62V7_FoilAAAA,VQMq5A4l-Dm2BRnUAAAB",playerB,19:26:49,E,Round1,3/29/2019,drawer,1,1,unmatched,unmatched,yufa?,1,0,0,after,253,184,151,114,1.67549668874172,1.6140350877193,0.162264150943396,NA,NA,NA,Prolific
422,"0WHR4Us62V7_FoilAAAA,VQMq5A4l-Dm2BRnUAAAB",playerB,19:26:54,E,Round1,3/29/2019,drawer,1,1,unmatched,unmatched,rufa?,1,0,0,after,253,184,151,114,1.67549668874172,1.6140350877193,0.162264150943396,NA,NA,NA,Prolific
423,"0WHR4Us62V7_FoilAAAA,VQMq5A4l-Dm2BRnUAAAB",playerB,20:24:32,E,Round13,3/29/2019,guesser,13,2,matched,unmatched,blufa,1,0,0,after,253,184,151,114,1.67549668874172,1.6140350877193,0.162264150943396,NA,NA,NA,Prolific
424,"0WHR4Us62V7_FoilAAAA,VQMq5A4l-Dm2BRnUAAAB",playerB,20:34:45,E,Round20,3/29/2019,guesser,20,3,samespecies,unmatched,wefo,1,0,0,after,253,184,151,114,1.67549668874172,1.6140350877193,0.162264150943396,NA,NA,NA,Prolific
425,"0WHR4Us62V7_FoilAAAA,VQMq5A4l-Dm2BRnUAAAB",playerB,19:27:58,E,Round1,3/29/2019,drawer,1,1,unmatched,unmatched,blufa?,1,0,0,after,253,184,151,114,1.67549668874172,1.6140350877193,0.162264150943396,NA,NA,NA,Prolific
426,"0WHR4Us62V7_FoilAAAA,VQMq5A4l-Dm2BRnUAAAB",playerB,19:29:13,E,Round1,3/29/2019,drawer,1,1,unmatched,unmatched,sofo?,1,0,0,after,253,184,151,114,1.67549668874172,1.6140350877193,0.162264150943396,NA,NA,NA,Prolific
427,"0WHR4Us62V7_FoilAAAA,VQMq5A4l-Dm2BRnUAAAB",playerB,19:29:13,E,Round1,3/29/2019,drawer,1,1,unmatched,unmatched,sopo,0,1,0,after,253,184,151,114,1.67549668874172,1.6140350877193,0.162264150943396,NA,NA,NA,Prolific
428,"0WHR4Us62V7_FoilAAAA,VQMq5A4l-Dm2BRnUAAAB",playerB,20:32:09,E,Round18,3/29/2019,guesser,18,3,samespecies,unmatched,blufa,1,0,0,after,253,184,151,114,1.67549668874172,1.6140350877193,0.162264150943396,NA,NA,NA,Prolific
429,"0WHR4Us62V7_FoilAAAA,VQMq5A4l-Dm2BRnUAAAB",playerB,20:06:34,E,Round6,3/29/2019,guesser,6,1,unmatched,unmatched,sefo,1,0,0,after,253,184,151,114,1.67549668874172,1.6140350877193,0.162264150943396,NA,NA,NA,Prolific
430,"0WHR4Us62V7_FoilAAAA,VQMq5A4l-Dm2BRnUAAAB",playerB,20:06:34,E,Round6,3/29/2019,guesser,6,1,unmatched,unmatched,yufa,1,0,0,after,253,184,151,114,1.67549668874172,1.6140350877193,0.162264150943396,NA,NA,NA,Prolific
431,"0WHR4Us62V7_FoilAAAA,VQMq5A4l-Dm2BRnUAAAB",playerB,20:06:53,E,Round6,3/29/2019,guesser,6,1,unmatched,unmatched,wefo,1,0,0,after,253,184,151,114,1.67549668874172,1.6140350877193,0.162264150943396,NA,NA,NA,Prolific
432,"0WHR4Us62V7_FoilAAAA,VQMq5A4l-Dm2BRnUAAAB",playerB,19:55:47,E,Round4,3/29/2019,guesser,4,1,unmatched,unmatched,wuwof,1,0,0,after,253,184,151,114,1.67549668874172,1.6140350877193,0.162264150943396,NA,NA,NA,Prolific
433,"0WHR4Us62V7_FoilAAAA,VQMq5A4l-Dm2BRnUAAAB",playerB,20:13:44,E,Round9,3/29/2019,guesser,9,2,matched,unmatched,wuwof,1,0,0,after,253,184,151,114,1.67549668874172,1.6140350877193,0.162264150943396,NA,NA,NA,Prolific
434,"0WHR4Us62V7_FoilAAAA,VQMq5A4l-Dm2BRnUAAAB",playerB,20:35:25,E,Round20,3/29/2019,guesser,20,3,samespecies,unmatched,wefo,1,0,0,after,253,184,151,114,1.67549668874172,1.6140350877193,0.162264150943396,NA,NA,NA,Prolific
435,"0WHR4Us62V7_FoilAAAA,VQMq5A4l-Dm2BRnUAAAB",playerB,20:35:30,E,Round20,3/29/2019,guesser,20,3,samespecies,unmatched,wefo,1,0,0,after,253,184,151,114,1.67549668874172,1.6140350877193,0.162264150943396,NA,NA,NA,Prolific
436,"0WHR4Us62V7_FoilAAAA,VQMq5A4l-Dm2BRnUAAAB",playerB,20:35:35,E,Round20,3/29/2019,guesser,20,3,samespecies,unmatched,wefo,1,0,0,after,253,184,151,114,1.67549668874172,1.6140350877193,0.162264150943396,NA,NA,NA,Prolific
437,"0WHR4Us62V7_FoilAAAA,VQMq5A4l-Dm2BRnUAAAB",playerB,20:34:37,E,Round20,3/29/2019,guesser,20,3,samespecies,unmatched,sefo,1,0,0,after,253,184,151,114,1.67549668874172,1.6140350877193,0.162264150943396,NA,NA,NA,Prolific
438,"0WHR4Us62V7_FoilAAAA,VQMq5A4l-Dm2BRnUAAAB",playerB,19:44:30,E,Round2,3/29/2019,guesser,2,1,unmatched,unmatched,rufa,1,0,0,after,253,184,151,114,1.67549668874172,1.6140350877193,0.162264150943396,NA,NA,NA,Prolific
439,"0WHR4Us62V7_FoilAAAA,VQMq5A4l-Dm2BRnUAAAB",playerB,19:44:30,E,Round2,3/29/2019,guesser,2,1,unmatched,unmatched,filu,1,0,0,after,253,184,151,114,1.67549668874172,1.6140350877193,0.162264150943396,NA,NA,NA,Prolific
440,"0WHR4Us62V7_FoilAAAA,VQMq5A4l-Dm2BRnUAAAB",playerB,19:45:26,E,Round2,3/29/2019,guesser,2,1,unmatched,unmatched,sefo,1,0,0,after,253,184,151,114,1.67549668874172,1.6140350877193,0.162264150943396,NA,NA,NA,Prolific
441,"0WHR4Us62V7_FoilAAAA,VQMq5A4l-Dm2BRnUAAAB",playerB,20:35:04,E,Round20,3/29/2019,guesser,20,3,samespecies,unmatched,efo,1,0,0,after,253,184,151,114,1.67549668874172,1.6140350877193,0.162264150943396,NA,NA,NA,Prolific
442,"0WHR4Us62V7_FoilAAAA,VQMq5A4l-Dm2BRnUAAAB",playerB,19:45:26,E,Round2,3/29/2019,guesser,2,1,unmatched,unmatched,wuwof,1,0,0,after,253,184,151,114,1.67549668874172,1.6140350877193,0.162264150943396,NA,NA,NA,Prolific
443,"0WHR4Us62V7_FoilAAAA,VQMq5A4l-Dm2BRnUAAAB",playerB,20:13:44,E,Round9,3/29/2019,guesser,9,2,matched,unmatched,nefo,1,0,0,after,253,184,151,114,1.67549668874172,1.6140350877193,0.162264150943396,NA,NA,NA,Prolific
444,"0WHR4Us62V7_FoilAAAA,VQMq5A4l-Dm2BRnUAAAB",playerB,20:13:44,E,Round9,3/29/2019,guesser,9,2,matched,unmatched,efo,1,0,0,after,253,184,151,114,1.67549668874172,1.6140350877193,0.162264150943396,NA,NA,NA,Prolific
